ticker,timestamp,price,volume,action
AAPL,2024-08-24 16:48:14,233.86,6726,BUY
AAPL,2024-08-24 16:47:36,222.11,1893,BUY
AAPL,2024-08-24 16:47:16,225.29,8216,SELL
AAPL,2024-08-24 16:46:55,232.62,6882,BUY
AAPL,2024-08-24 16:46:03,218.22,3118,BUY
AAPL,2024-08-24 16:45:27,220.88,3785,BUY
AAPL,2024-08-24 16:45:21,222.38,9195,SELL
AAPL,2024-08-24 16:44:46,216.5,2880,BUY
AAPL,2024-08-24 16:44:30,223.25,8160,SELL
AAPL,2024-08-24 16:43:34,226.0,7752,BUY
AAPL,2024-08-24 16:43:30,215.8,7494,BUY
AAPL,2024-08-24 16:42:45,234.61,258,SELL
AAPL,2024-08-24 16:42:20,237.82,5031,BUY
AAPL,2024-08-24 16:42:11,218.12,4707,BUY
AAPL,2024-08-24 16:41:24,216.14,7714,BUY
AAPL,2024-08-24 16:40:37,224.12,3392,SELL
AAPL,2024-08-24 16:40:05,233.36,5975,SELL
AAPL,2024-08-24 16:39:19,229.55,1114,SELL
AAPL,2024-08-24 16:39:11,227.71,1818,BUY
AAPL,2024-08-24 16:39:01,236.67,6604,SELL
AAPL,2024-08-24 16:38:41,222.71,8050,SELL
AAPL,2024-08-24 16:37:58,230.71,680,BUY
AAPL,2024-08-24 16:37:41,237.65,1383,SELL
AAPL,2024-08-24 16:37:25,227.94,4355,SELL
AAPL,2024-08-24 16:36:27,233.65,8121,BUY
AAPL,2024-08-24 16:35:39,229.39,9506,SELL
AAPL,2024-08-24 16:35:05,215.52,4230,SELL
AAPL,2024-08-24 16:34:57,215.76,7073,BUY
AAPL,2024-08-24 16:34:53,232.1,9207,SELL
AAPL,2024-08-24 16:34:42,216.84,3370,SELL
AAPL,2024-08-24 16:34:37,234.37,5912,SELL
AAPL,2024-08-24 16:33:40,234.67,6801,BUY
AAPL,2024-08-24 16:32:40,234.81,1413,BUY
AAPL,2024-08-24 16:31:56,237.78,4661,BUY
AAPL,2024-08-24 16:31:53,237.87,956,SELL
AAPL,2024-08-24 16:31:47,217.67,357,SELL
AAPL,2024-08-24 16:31:07,216.96,534,SELL
AAPL,2024-08-24 16:31:05,217.86,5200,BUY
AAPL,2024-08-24 16:30:05,228.52,3805,BUY
AAPL,2024-08-24 16:29:21,229.91,2266,SELL
AAPL,2024-08-24 16:29:14,233.76,2392,BUY
AAPL,2024-08-24 16:28:29,222.47,9651,BUY
AAPL,2024-08-24 16:28:17,231.31,4309,BUY
AAPL,2024-08-24 16:27:52,237.2,2821,SELL
AAPL,2024-08-24 16:27:51,237.19,4206,SELL
AAPL,2024-08-24 16:27:31,217.51,8281,SELL
AAPL,2024-08-24 16:27:30,238.04,5997,SELL
AAPL,2024-08-24 16:26:46,226.56,7610,SELL
AAPL,2024-08-24 16:25:50,230.76,4948,SELL
AAPL,2024-08-24 16:25:41,226.76,201,SELL
AAPL,2024-08-24 16:25:09,218.16,268,SELL
AAPL,2024-08-24 16:24:23,228.3,1041,BUY
AAPL,2024-08-24 16:23:27,232.15,3204,BUY
AAPL,2024-08-24 16:22:29,229.13,7435,BUY
AAPL,2024-08-24 16:21:44,232.26,7690,SELL
AAPL,2024-08-24 16:21:36,235.97,6502,BUY
AAPL,2024-08-24 16:21:08,220.34,2460,BUY
AAPL,2024-08-24 16:20:15,231.91,3163,SELL
AAPL,2024-08-24 16:19:36,221.4,9376,BUY
AAPL,2024-08-24 16:19:17,217.48,1018,SELL
AAPL,2024-08-24 16:18:17,223.4,5508,BUY
AAPL,2024-08-24 16:17:35,223.15,7164,SELL
AAPL,2024-08-24 16:17:12,221.06,8370,BUY
AAPL,2024-08-24 16:16:34,234.42,5286,BUY
AAPL,2024-08-24 16:15:57,236.48,648,SELL
AAPL,2024-08-24 16:15:43,229.77,8979,BUY
AAPL,2024-08-24 16:15:11,216.58,6947,SELL
AAPL,2024-08-24 16:14:37,222.12,9054,BUY
AAPL,2024-08-24 16:14:09,227.64,9495,SELL
AAPL,2024-08-24 16:13:36,227.78,2308,BUY
AAPL,2024-08-24 16:13:30,236.19,5297,SELL
AAPL,2024-08-24 16:13:17,222.83,7742,SELL
AAPL,2024-08-24 16:12:18,232.96,9560,BUY
AAPL,2024-08-24 16:12:00,234.51,6258,SELL
AAPL,2024-08-24 16:11:19,218.31,1478,BUY
AAPL,2024-08-24 16:10:31,237.94,1467,BUY
AAPL,2024-08-24 16:09:51,222.76,1039,BUY
AAPL,2024-08-24 16:09:23,237.64,4973,SELL
AAPL,2024-08-24 16:08:59,237.32,6077,BUY
AAPL,2024-08-24 16:08:08,224.78,8148,BUY
AAPL,2024-08-24 16:08:06,230.11,7135,BUY
AAPL,2024-08-24 16:07:33,216.87,5089,SELL
AAPL,2024-08-24 16:06:54,235.7,1549,SELL
AAPL,2024-08-24 16:05:59,236.36,400,SELL
AAPL,2024-08-24 16:05:15,227.19,7927,BUY
AAPL,2024-08-24 16:04:41,232.83,2020,SELL
AAPL,2024-08-24 16:04:03,235.74,1824,SELL
AAPL,2024-08-24 16:03:57,224.46,6143,SELL
AAPL,2024-08-24 16:03:31,221.61,7224,BUY
AAPL,2024-08-24 16:02:41,234.39,2575,SELL
AAPL,2024-08-24 16:01:56,222.11,1215,SELL
AAPL,2024-08-24 16:01:54,228.83,3847,SELL
AAPL,2024-08-24 16:00:58,233.23,7818,SELL
AAPL,2024-08-24 16:00:33,216.36,2705,BUY
AAPL,2024-08-24 15:59:57,233.12,9690,BUY
AAPL,2024-08-24 15:59:38,228.86,317,BUY
AAPL,2024-08-24 15:58:44,219.02,1345,SELL
AAPL,2024-08-24 15:58:07,226.0,5493,SELL
AAPL,2024-08-24 15:57:44,219.06,1644,BUY
AAPL,2024-08-24 15:57:23,236.79,2566,BUY
MSFT,2024-08-24 16:48:14,403.51,5508,BUY
MSFT,2024-08-24 16:47:18,433.18,2126,BUY
MSFT,2024-08-24 16:46:28,429.55,7357,BUY
MSFT,2024-08-24 16:45:42,405.47,4628,BUY
MSFT,2024-08-24 16:44:53,436.26,3567,BUY
MSFT,2024-08-24 16:44:30,424.74,5809,BUY
MSFT,2024-08-24 16:44:00,401.21,5295,BUY
MSFT,2024-08-24 16:43:39,418.78,1166,BUY
MSFT,2024-08-24 16:43:18,398.48,7564,BUY
MSFT,2024-08-24 16:42:48,416.14,6370,BUY
MSFT,2024-08-24 16:41:59,413.88,8429,SELL
MSFT,2024-08-24 16:41:41,404.14,1943,BUY
MSFT,2024-08-24 16:41:29,400.25,9390,SELL
MSFT,2024-08-24 16:40:39,416.58,5784,SELL
MSFT,2024-08-24 16:39:43,431.79,3987,BUY
MSFT,2024-08-24 16:38:59,415.08,588,BUY
MSFT,2024-08-24 16:38:31,405.86,141,BUY
MSFT,2024-08-24 16:37:38,399.14,7066,BUY
MSFT,2024-08-24 16:37:03,410.49,3777,BUY
MSFT,2024-08-24 16:36:49,408.39,438,BUY
MSFT,2024-08-24 16:35:51,418.42,3030,SELL
MSFT,2024-08-24 16:35:18,407.24,2186,SELL
MSFT,2024-08-24 16:35:05,400.05,1086,SELL
MSFT,2024-08-24 16:34:57,422.75,7106,BUY
MSFT,2024-08-24 16:34:40,420.24,4176,BUY
MSFT,2024-08-24 16:34:35,415.13,1434,BUY
MSFT,2024-08-24 16:34:31,399.49,1548,BUY
MSFT,2024-08-24 16:34:06,417.3,5448,BUY
MSFT,2024-08-24 16:33:47,430.0,5590,BUY
MSFT,2024-08-24 16:33:38,412.49,7790,BUY
MSFT,2024-08-24 16:33:17,433.71,3458,SELL
MSFT,2024-08-24 16:32:35,424.05,9204,SELL
MSFT,2024-08-24 16:32:20,397.89,3526,SELL
MSFT,2024-08-24 16:32:02,422.14,3186,BUY
MSFT,2024-08-24 16:31:58,403.63,8121,SELL
MSFT,2024-08-24 16:31:44,398.0,9775,BUY
MSFT,2024-08-24 16:30:51,422.38,1114,SELL
MSFT,2024-08-24 16:30:49,407.82,739,BUY
MSFT,2024-08-24 16:30:14,420.86,358,BUY
MSFT,2024-08-24 16:29:35,400.71,4236,SELL
MSFT,2024-08-24 16:29:21,428.59,6728,BUY
MSFT,2024-08-24 16:29:06,404.78,1382,SELL
MSFT,2024-08-24 16:28:53,427.66,1793,BUY
MSFT,2024-08-24 16:28:14,417.76,5823,BUY
MSFT,2024-08-24 16:28:07,411.75,1918,SELL
MSFT,2024-08-24 16:27:08,413.53,7081,SELL
MSFT,2024-08-24 16:26:21,397.67,2243,SELL
MSFT,2024-08-24 16:25:33,413.66,8680,BUY
MSFT,2024-08-24 16:25:29,435.42,4083,SELL
MSFT,2024-08-24 16:24:53,397.94,7663,SELL
MSFT,2024-08-24 16:24:49,402.16,6052,SELL
MSFT,2024-08-24 16:24:12,416.13,5134,SELL
MSFT,2024-08-24 16:24:11,426.8,6703,SELL
MSFT,2024-08-24 16:23:21,414.71,2785,BUY
MSFT,2024-08-24 16:22:26,430.15,690,BUY
MSFT,2024-08-24 16:22:06,430.06,1938,BUY
MSFT,2024-08-24 16:21:23,397.79,7157,BUY
MSFT,2024-08-24 16:21:08,403.8,5656,SELL
MSFT,2024-08-24 16:20:26,434.89,4594,SELL
MSFT,2024-08-24 16:19:33,428.72,4842,SELL
MSFT,2024-08-24 16:19:14,414.72,9477,SELL
MSFT,2024-08-24 16:18:32,419.41,4182,BUY
MSFT,2024-08-24 16:17:50,403.62,339,SELL
MSFT,2024-08-24 16:17:31,426.53,196,BUY
MSFT,2024-08-24 16:17:10,401.19,9006,SELL
MSFT,2024-08-24 16:16:53,412.58,402,SELL
MSFT,2024-08-24 16:16:43,425.39,8968,BUY
MSFT,2024-08-24 16:16:18,425.66,9614,SELL
MSFT,2024-08-24 16:15:37,400.81,9810,BUY
MSFT,2024-08-24 16:15:29,403.93,4173,SELL
MSFT,2024-08-24 16:15:00,432.89,2633,BUY
MSFT,2024-08-24 16:14:18,396.31,2752,BUY
MSFT,2024-08-24 16:14:16,397.27,1515,BUY
MSFT,2024-08-24 16:14:15,409.8,2975,SELL
MSFT,2024-08-24 16:13:33,403.57,4454,SELL
MSFT,2024-08-24 16:12:45,410.37,4696,SELL
MSFT,2024-08-24 16:11:49,416.52,6209,BUY
MSFT,2024-08-24 16:11:35,420.45,5733,SELL
MSFT,2024-08-24 16:10:55,434.43,5323,BUY
MSFT,2024-08-24 16:10:39,406.52,3089,BUY
MSFT,2024-08-24 16:10:12,414.18,7819,BUY
MSFT,2024-08-24 16:10:07,435.6,8405,BUY
MSFT,2024-08-24 16:09:31,420.07,106,SELL
MSFT,2024-08-24 16:08:35,399.1,1066,BUY
MSFT,2024-08-24 16:08:26,433.34,9131,BUY
MSFT,2024-08-24 16:08:10,399.94,4869,SELL
MSFT,2024-08-24 16:07:25,421.23,4629,SELL
MSFT,2024-08-24 16:07:16,419.55,6252,SELL
MSFT,2024-08-24 16:07:07,405.6,7050,SELL
MSFT,2024-08-24 16:06:24,429.69,3657,BUY
MSFT,2024-08-24 16:06:20,403.85,8142,SELL
MSFT,2024-08-24 16:05:34,436.56,4481,BUY
MSFT,2024-08-24 16:05:28,421.98,6752,BUY
MSFT,2024-08-24 16:04:45,404.53,1948,BUY
MSFT,2024-08-24 16:04:07,429.46,9236,SELL
MSFT,2024-08-24 16:03:44,415.19,3169,BUY
MSFT,2024-08-24 16:03:32,421.71,2527,BUY
MSFT,2024-08-24 16:03:04,408.0,9429,SELL
MSFT,2024-08-24 16:02:54,416.17,5617,BUY
MSFT,2024-08-24 16:02:08,418.74,7561,SELL
GOOGL,2024-08-24 16:48:14,160.93,3178,BUY
GOOGL,2024-08-24 16:48:09,158.67,8024,BUY
GOOGL,2024-08-24 16:47:34,167.68,1904,BUY
GOOGL,2024-08-24 16:46:34,171.61,8308,BUY
GOOGL,2024-08-24 16:46:24,162.34,7971,BUY
GOOGL,2024-08-24 16:45:34,161.74,3579,BUY
GOOGL,2024-08-24 16:44:49,165.36,835,BUY
GOOGL,2024-08-24 16:43:57,169.04,2311,BUY
GOOGL,2024-08-24 16:43:17,161.48,6816,BUY
GOOGL,2024-08-24 16:42:50,162.8,970,SELL
GOOGL,2024-08-24 16:42:38,164.77,5164,BUY
GOOGL,2024-08-24 16:42:00,170.97,7405,SELL
GOOGL,2024-08-24 16:41:18,160.82,7526,SELL
GOOGL,2024-08-24 16:41:03,169.42,8887,BUY
GOOGL,2024-08-24 16:40:49,163.66,9841,BUY
GOOGL,2024-08-24 16:40:24,166.89,3297,BUY
GOOGL,2024-08-24 16:39:46,169.63,2260,BUY
GOOGL,2024-08-24 16:38:51,167.3,3701,BUY
GOOGL,2024-08-24 16:38:14,171.66,7996,SELL
GOOGL,2024-08-24 16:37:35,158.06,7709,SELL
GOOGL,2024-08-24 16:37:33,171.44,9120,BUY
GOOGL,2024-08-24 16:37:20,172.62,3584,SELL
GOOGL,2024-08-24 16:36:52,166.12,3864,BUY
GOOGL,2024-08-24 16:36:05,172.36,1633,BUY
GOOGL,2024-08-24 16:36:03,158.05,5788,BUY
GOOGL,2024-08-24 16:35:59,165.63,9377,BUY
GOOGL,2024-08-24 16:35:19,167.29,9487,SELL
GOOGL,2024-08-24 16:35:12,172.98,4545,BUY
GOOGL,2024-08-24 16:34:15,173.11,4858,BUY
GOOGL,2024-08-24 16:33:21,172.54,445,SELL
GOOGL,2024-08-24 16:33:03,165.95,6931,SELL
GOOGL,2024-08-24 16:32:33,171.4,86,BUY
GOOGL,2024-08-24 16:31:33,164.76,5131,SELL
GOOGL,2024-08-24 16:30:53,163.06,1690,SELL
GOOGL,2024-08-24 16:30:33,166.43,6137,SELL
GOOGL,2024-08-24 16:29:38,169.28,6413,BUY
GOOGL,2024-08-24 16:29:32,159.99,9300,SELL
GOOGL,2024-08-24 16:28:56,170.79,6943,SELL
GOOGL,2024-08-24 16:28:19,168.48,9089,SELL
GOOGL,2024-08-24 16:28:12,168.9,9081,SELL
GOOGL,2024-08-24 16:27:47,166.16,9581,BUY
GOOGL,2024-08-24 16:27:28,158.37,5964,BUY
GOOGL,2024-08-24 16:26:38,160.03,3308,SELL
GOOGL,2024-08-24 16:26:23,169.81,5067,SELL
GOOGL,2024-08-24 16:25:51,158.61,4852,BUY
GOOGL,2024-08-24 16:24:55,160.7,3564,BUY
GOOGL,2024-08-24 16:24:33,173.5,3669,BUY
GOOGL,2024-08-24 16:24:08,168.58,9321,BUY
GOOGL,2024-08-24 16:23:24,168.14,8141,BUY
GOOGL,2024-08-24 16:22:31,165.52,5171,BUY
GOOGL,2024-08-24 16:22:26,157.91,8029,BUY
GOOGL,2024-08-24 16:21:59,170.93,2724,SELL
GOOGL,2024-08-24 16:21:21,172.09,7271,BUY
GOOGL,2024-08-24 16:20:27,167.45,516,SELL
GOOGL,2024-08-24 16:19:59,166.41,5167,SELL
GOOGL,2024-08-24 16:19:47,167.3,663,BUY
GOOGL,2024-08-24 16:19:23,170.79,2923,BUY
GOOGL,2024-08-24 16:19:22,160.95,9324,SELL
GOOGL,2024-08-24 16:18:36,164.95,6661,BUY
GOOGL,2024-08-24 16:18:11,157.34,9395,SELL
GOOGL,2024-08-24 16:17:23,162.29,1868,BUY
GOOGL,2024-08-24 16:17:21,158.75,2546,BUY
GOOGL,2024-08-24 16:17:05,160.26,8950,BUY
GOOGL,2024-08-24 16:17:00,159.42,2970,BUY
GOOGL,2024-08-24 16:16:47,165.38,5685,BUY
GOOGL,2024-08-24 16:16:15,158.97,8998,BUY
GOOGL,2024-08-24 16:15:58,160.15,4931,BUY
GOOGL,2024-08-24 16:15:04,161.54,5889,BUY
GOOGL,2024-08-24 16:14:08,169.74,1568,BUY
GOOGL,2024-08-24 16:14:04,160.78,9696,SELL
GOOGL,2024-08-24 16:13:15,162.11,4226,BUY
GOOGL,2024-08-24 16:12:25,167.42,6687,BUY
GOOGL,2024-08-24 16:11:38,163.54,4493,SELL
GOOGL,2024-08-24 16:11:17,172.82,8784,SELL
GOOGL,2024-08-24 16:11:03,159.63,2933,SELL
GOOGL,2024-08-24 16:10:11,172.01,4597,SELL
GOOGL,2024-08-24 16:10:07,170.21,1108,BUY
GOOGL,2024-08-24 16:09:49,162.79,9090,SELL
GOOGL,2024-08-24 16:09:19,159.8,6976,BUY
GOOGL,2024-08-24 16:08:42,168.27,3324,BUY
GOOGL,2024-08-24 16:08:22,171.13,8773,SELL
GOOGL,2024-08-24 16:07:24,171.79,6795,SELL
GOOGL,2024-08-24 16:07:12,170.66,1539,SELL
GOOGL,2024-08-24 16:06:28,163.09,9818,SELL
GOOGL,2024-08-24 16:06:05,170.71,1219,SELL
GOOGL,2024-08-24 16:06:03,169.78,2268,SELL
GOOGL,2024-08-24 16:05:30,161.96,9943,BUY
GOOGL,2024-08-24 16:04:51,171.95,225,SELL
GOOGL,2024-08-24 16:04:01,167.94,7111,BUY
GOOGL,2024-08-24 16:03:44,165.56,7325,SELL
GOOGL,2024-08-24 16:03:43,167.11,7734,SELL
GOOGL,2024-08-24 16:02:47,167.03,5055,BUY
GOOGL,2024-08-24 16:02:02,172.36,5449,SELL
GOOGL,2024-08-24 16:01:27,170.49,7537,BUY
GOOGL,2024-08-24 16:01:04,172.74,8792,BUY
GOOGL,2024-08-24 16:00:19,166.71,2337,BUY
GOOGL,2024-08-24 15:59:36,170.39,8007,BUY
GOOGL,2024-08-24 15:59:06,164.08,4758,SELL
GOOGL,2024-08-24 15:58:53,171.69,4605,SELL
GOOGL,2024-08-24 15:58:38,164.94,7262,BUY
AMZN,2024-08-24 16:48:14,178.09,677,SELL
AMZN,2024-08-24 16:48:11,178.65,4682,BUY
AMZN,2024-08-24 16:47:45,177.37,1881,BUY
AMZN,2024-08-24 16:47:26,171.39,7844,BUY
AMZN,2024-08-24 16:47:07,184.49,9704,SELL
AMZN,2024-08-24 16:46:25,182.63,4480,BUY
AMZN,2024-08-24 16:46:01,182.27,9894,SELL
AMZN,2024-08-24 16:45:07,174.11,9443,SELL
AMZN,2024-08-24 16:44:46,168.73,623,SELL
AMZN,2024-08-24 16:44:09,180.32,4619,SELL
AMZN,2024-08-24 16:43:53,171.14,8525,BUY
AMZN,2024-08-24 16:43:43,180.37,5510,BUY
AMZN,2024-08-24 16:43:14,174.94,9569,SELL
AMZN,2024-08-24 16:42:26,171.38,1088,BUY
AMZN,2024-08-24 16:41:32,178.92,6281,SELL
AMZN,2024-08-24 16:41:27,182.83,8418,SELL
AMZN,2024-08-24 16:40:36,184.71,347,SELL
AMZN,2024-08-24 16:39:54,182.85,6094,BUY
AMZN,2024-08-24 16:39:33,171.56,1762,SELL
AMZN,2024-08-24 16:38:50,185.83,8006,BUY
AMZN,2024-08-24 16:38:43,178.11,7624,SELL
AMZN,2024-08-24 16:38:38,168.78,6002,SELL
AMZN,2024-08-24 16:37:38,182.15,9041,BUY
AMZN,2024-08-24 16:36:46,173.17,1046,SELL
AMZN,2024-08-24 16:35:59,168.55,4349,BUY
AMZN,2024-08-24 16:35:35,178.31,422,BUY
AMZN,2024-08-24 16:34:59,168.56,4154,SELL
AMZN,2024-08-24 16:34:52,172.75,801,BUY
AMZN,2024-08-24 16:33:59,179.32,4743,SELL
AMZN,2024-08-24 16:33:27,185.38,5366,SELL
AMZN,2024-08-24 16:32:29,170.54,1681,BUY
AMZN,2024-08-24 16:32:16,170.16,4096,SELL
AMZN,2024-08-24 16:32:03,170.23,2540,SELL
AMZN,2024-08-24 16:31:31,184.81,5891,BUY
AMZN,2024-08-24 16:31:04,173.33,9151,BUY
AMZN,2024-08-24 16:30:56,179.6,2497,SELL
AMZN,2024-08-24 16:30:00,182.94,295,BUY
AMZN,2024-08-24 16:29:55,181.45,1073,BUY
AMZN,2024-08-24 16:29:02,185.85,3816,SELL
AMZN,2024-08-24 16:28:23,176.02,5668,SELL
AMZN,2024-08-24 16:27:36,168.65,4620,SELL
AMZN,2024-08-24 16:27:24,169.02,4029,BUY
AMZN,2024-08-24 16:26:40,170.87,2408,BUY
AMZN,2024-08-24 16:25:43,175.14,662,BUY
AMZN,2024-08-24 16:24:53,170.49,2738,BUY
AMZN,2024-08-24 16:24:29,178.89,2042,SELL
AMZN,2024-08-24 16:23:43,169.87,7699,SELL
AMZN,2024-08-24 16:23:30,169.7,4575,BUY
AMZN,2024-08-24 16:22:32,182.13,2777,BUY
AMZN,2024-08-24 16:22:05,172.65,8280,SELL
AMZN,2024-08-24 16:21:09,176.15,4279,SELL
AMZN,2024-08-24 16:20:49,180.04,4407,SELL
AMZN,2024-08-24 16:20:00,182.99,9456,SELL
AMZN,2024-08-24 16:19:01,181.05,3409,BUY
AMZN,2024-08-24 16:18:43,179.45,1050,BUY
AMZN,2024-08-24 16:18:32,168.61,7324,BUY
AMZN,2024-08-24 16:18:28,185.21,5301,SELL
AMZN,2024-08-24 16:17:56,168.84,2165,BUY
AMZN,2024-08-24 16:17:32,172.91,4248,SELL
AMZN,2024-08-24 16:17:19,177.59,9098,SELL
AMZN,2024-08-24 16:17:09,181.12,6819,SELL
AMZN,2024-08-24 16:16:17,174.94,1980,BUY
AMZN,2024-08-24 16:16:09,178.13,422,SELL
AMZN,2024-08-24 16:15:57,178.84,6564,BUY
AMZN,2024-08-24 16:15:43,170.73,885,SELL
AMZN,2024-08-24 16:14:52,175.77,6376,SELL
AMZN,2024-08-24 16:14:35,177.61,1903,BUY
AMZN,2024-08-24 16:14:27,185.16,1312,SELL
AMZN,2024-08-24 16:13:40,178.28,7713,BUY
AMZN,2024-08-24 16:13:02,178.17,8032,BUY
AMZN,2024-08-24 16:13:01,173.12,9605,SELL
AMZN,2024-08-24 16:12:07,175.65,3653,SELL
AMZN,2024-08-24 16:11:26,182.78,7162,BUY
AMZN,2024-08-24 16:10:45,179.1,181,SELL
AMZN,2024-08-24 16:10:44,172.94,8542,BUY
AMZN,2024-08-24 16:09:55,182.43,2180,BUY
AMZN,2024-08-24 16:08:59,174.21,5232,SELL
AMZN,2024-08-24 16:08:45,182.16,5388,BUY
AMZN,2024-08-24 16:08:41,179.5,3429,BUY
AMZN,2024-08-24 16:08:20,168.89,320,BUY
AMZN,2024-08-24 16:08:17,176.32,9681,BUY
AMZN,2024-08-24 16:07:18,175.4,3444,BUY
AMZN,2024-08-24 16:06:24,177.99,4637,SELL
AMZN,2024-08-24 16:05:42,172.91,458,SELL
AMZN,2024-08-24 16:05:12,177.32,6973,BUY
AMZN,2024-08-24 16:04:17,185.22,9021,SELL
AMZN,2024-08-24 16:04:04,170.46,7728,BUY
AMZN,2024-08-24 16:04:02,184.66,1897,SELL
AMZN,2024-08-24 16:03:55,180.22,1862,SELL
AMZN,2024-08-24 16:03:02,174.85,7410,SELL
AMZN,2024-08-24 16:02:16,180.91,7104,BUY
AMZN,2024-08-24 16:01:52,179.44,3791,BUY
AMZN,2024-08-24 16:01:41,179.33,2086,SELL
AMZN,2024-08-24 16:01:30,172.03,3572,SELL
AMZN,2024-08-24 16:00:47,172.32,8291,BUY
AMZN,2024-08-24 16:00:17,177.15,2350,BUY
AMZN,2024-08-24 16:00:16,182.6,8754,BUY
AMZN,2024-08-24 16:00:03,182.06,6922,BUY
AMZN,2024-08-24 15:59:16,182.08,7709,BUY
AMZN,2024-08-24 15:58:30,173.68,5081,BUY
TSLA,2024-08-24 16:48:14,219.94,7144,SELL
TSLA,2024-08-24 16:47:28,212.3,3421,SELL
TSLA,2024-08-24 16:46:45,226.8,4214,SELL
TSLA,2024-08-24 16:46:24,228.73,5564,BUY
TSLA,2024-08-24 16:45:24,212.9,3390,SELL
TSLA,2024-08-24 16:45:23,219.18,3682,SELL
TSLA,2024-08-24 16:44:23,224.14,7961,SELL
TSLA,2024-08-24 16:44:05,230.04,694,BUY
TSLA,2024-08-24 16:43:50,227.27,8116,BUY
TSLA,2024-08-24 16:43:26,215.17,1099,BUY
TSLA,2024-08-24 16:43:03,221.49,3596,BUY
TSLA,2024-08-24 16:42:36,213.93,919,BUY
TSLA,2024-08-24 16:41:40,217.71,7778,SELL
TSLA,2024-08-24 16:41:39,213.2,3502,BUY
TSLA,2024-08-24 16:40:49,227.78,849,BUY
TSLA,2024-08-24 16:39:50,212.95,8279,BUY
TSLA,2024-08-24 16:39:25,215.64,904,SELL
TSLA,2024-08-24 16:39:21,219.2,21,BUY
TSLA,2024-08-24 16:38:40,212.78,4021,BUY
TSLA,2024-08-24 16:38:26,220.09,7900,SELL
TSLA,2024-08-24 16:38:05,227.36,4077,SELL
TSLA,2024-08-24 16:37:46,219.23,6389,BUY
TSLA,2024-08-24 16:37:02,229.21,997,SELL
TSLA,2024-08-24 16:36:45,220.96,6926,BUY
TSLA,2024-08-24 16:36:14,229.0,7581,SELL
TSLA,2024-08-24 16:36:08,211.69,8066,BUY
TSLA,2024-08-24 16:35:17,225.64,6795,SELL
TSLA,2024-08-24 16:34:42,222.9,1324,BUY
TSLA,2024-08-24 16:34:14,210.32,4591,BUY
TSLA,2024-08-24 16:33:22,221.42,5832,BUY
TSLA,2024-08-24 16:32:36,216.36,4358,BUY
TSLA,2024-08-24 16:32:17,221.44,6219,BUY
TSLA,2024-08-24 16:32:13,214.49,2023,SELL
TSLA,2024-08-24 16:32:00,211.36,1945,SELL
TSLA,2024-08-24 16:31:33,215.27,8344,SELL
TSLA,2024-08-24 16:31:13,226.86,2046,SELL
TSLA,2024-08-24 16:31:10,216.68,8629,SELL
TSLA,2024-08-24 16:30:17,211.99,6873,BUY
TSLA,2024-08-24 16:29:31,224.21,4527,SELL
TSLA,2024-08-24 16:29:07,209.54,1130,SELL
TSLA,2024-08-24 16:28:31,212.56,5618,BUY
TSLA,2024-08-24 16:28:27,229.97,2753,SELL
TSLA,2024-08-24 16:27:31,229.68,7221,BUY
TSLA,2024-08-24 16:27:08,230.17,9423,SELL
TSLA,2024-08-24 16:26:47,209.53,8380,BUY
TSLA,2024-08-24 16:26:32,216.45,9792,SELL
TSLA,2024-08-24 16:26:06,210.24,8701,SELL
TSLA,2024-08-24 16:25:34,213.38,8415,BUY
TSLA,2024-08-24 16:24:49,223.32,5441,SELL
TSLA,2024-08-24 16:24:07,215.17,6435,BUY
TSLA,2024-08-24 16:23:27,212.28,4007,SELL
TSLA,2024-08-24 16:23:23,224.28,6770,SELL
TSLA,2024-08-24 16:22:46,228.1,130,SELL
TSLA,2024-08-24 16:22:08,212.75,7450,SELL
TSLA,2024-08-24 16:22:06,222.14,964,BUY
TSLA,2024-08-24 16:21:46,209.99,8745,SELL
TSLA,2024-08-24 16:20:49,216.56,1723,SELL
TSLA,2024-08-24 16:20:33,219.07,4039,SELL
TSLA,2024-08-24 16:20:02,210.05,4289,BUY
TSLA,2024-08-24 16:19:35,220.11,2509,SELL
TSLA,2024-08-24 16:18:48,225.94,5026,BUY
TSLA,2024-08-24 16:18:44,222.36,9250,BUY
TSLA,2024-08-24 16:18:33,212.3,6411,SELL
TSLA,2024-08-24 16:18:08,224.7,1458,BUY
TSLA,2024-08-24 16:17:25,214.67,4430,SELL
TSLA,2024-08-24 16:17:10,227.56,3525,BUY
TSLA,2024-08-24 16:16:15,228.98,283,SELL
TSLA,2024-08-24 16:15:56,226.1,4602,SELL
TSLA,2024-08-24 16:15:17,228.32,6013,SELL
TSLA,2024-08-24 16:15:12,228.16,8281,SELL
TSLA,2024-08-24 16:14:58,229.73,7131,SELL
TSLA,2024-08-24 16:14:33,221.57,2162,BUY
TSLA,2024-08-24 16:14:09,210.24,3023,SELL
TSLA,2024-08-24 16:13:56,211.43,8685,SELL
TSLA,2024-08-24 16:13:36,230.65,5008,BUY
TSLA,2024-08-24 16:12:59,218.32,6598,BUY
TSLA,2024-08-24 16:12:21,223.09,1695,SELL
TSLA,2024-08-24 16:12:10,225.14,2949,SELL
TSLA,2024-08-24 16:11:51,217.31,9048,SELL
TSLA,2024-08-24 16:11:17,215.54,6111,BUY
TSLA,2024-08-24 16:10:27,223.89,5173,BUY
TSLA,2024-08-24 16:09:46,224.62,7482,SELL
TSLA,2024-08-24 16:09:10,210.55,1455,SELL
TSLA,2024-08-24 16:08:18,211.96,5810,BUY
TSLA,2024-08-24 16:07:33,216.49,9645,BUY
TSLA,2024-08-24 16:06:48,227.8,5285,BUY
TSLA,2024-08-24 16:05:50,229.97,7967,SELL
TSLA,2024-08-24 16:05:31,221.71,6045,SELL
TSLA,2024-08-24 16:05:02,213.01,4132,BUY
TSLA,2024-08-24 16:04:59,224.57,1500,BUY
TSLA,2024-08-24 16:04:22,229.83,3500,SELL
TSLA,2024-08-24 16:04:04,221.22,6219,BUY
TSLA,2024-08-24 16:03:34,226.51,4536,SELL
TSLA,2024-08-24 16:02:49,212.9,2162,BUY
TSLA,2024-08-24 16:02:29,224.26,8040,SELL
TSLA,2024-08-24 16:02:24,226.07,9374,SELL
TSLA,2024-08-24 16:01:48,214.27,7849,SELL
TSLA,2024-08-24 16:01:42,218.02,1591,BUY
TSLA,2024-08-24 16:01:12,212.76,314,SELL
TSLA,2024-08-24 16:01:01,216.09,212,BUY
NVDA,2024-08-24 16:48:14,127.05,3975,SELL
NVDA,2024-08-24 16:47:35,126.09,6860,BUY
NVDA,2024-08-24 16:47:16,134.26,2957,SELL
NVDA,2024-08-24 16:47:03,125.95,9229,SELL
NVDA,2024-08-24 16:46:50,133.14,3157,BUY
NVDA,2024-08-24 16:45:52,127.69,9448,BUY
NVDA,2024-08-24 16:45:08,135.15,3074,SELL
NVDA,2024-08-24 16:44:16,135.4,3850,SELL
NVDA,2024-08-24 16:43:25,130.07,4408,BUY
NVDA,2024-08-24 16:43:19,133.68,2498,SELL
NVDA,2024-08-24 16:42:32,135.46,1098,BUY
NVDA,2024-08-24 16:42:27,126.43,3671,BUY
NVDA,2024-08-24 16:42:17,125.0,7724,BUY
NVDA,2024-08-24 16:41:33,124.15,952,BUY
NVDA,2024-08-24 16:40:51,127.88,578,SELL
NVDA,2024-08-24 16:40:39,128.75,9674,BUY
NVDA,2024-08-24 16:39:50,128.82,4076,BUY
NVDA,2024-08-24 16:39:35,124.11,3795,BUY
NVDA,2024-08-24 16:39:17,125.76,398,BUY
NVDA,2024-08-24 16:39:13,130.31,8536,SELL
NVDA,2024-08-24 16:38:34,131.11,6161,SELL
NVDA,2024-08-24 16:38:08,129.37,8111,BUY
NVDA,2024-08-24 16:37:52,126.41,1079,BUY
NVDA,2024-08-24 16:37:07,128.5,1926,SELL
NVDA,2024-08-24 16:36:08,125.19,6314,BUY
NVDA,2024-08-24 16:35:56,126.08,6415,BUY
NVDA,2024-08-24 16:35:30,132.48,1214,SELL
NVDA,2024-08-24 16:35:25,124.27,9295,SELL
NVDA,2024-08-24 16:35:01,123.68,7422,BUY
NVDA,2024-08-24 16:34:41,132.69,421,SELL
NVDA,2024-08-24 16:33:55,129.97,4167,SELL
NVDA,2024-08-24 16:33:34,123.95,3149,BUY
NVDA,2024-08-24 16:33:16,124.4,7176,BUY
NVDA,2024-08-24 16:32:32,126.29,1202,BUY
NVDA,2024-08-24 16:31:32,126.51,8675,BUY
NVDA,2024-08-24 16:30:38,124.13,8269,SELL
NVDA,2024-08-24 16:29:50,125.58,3447,SELL
NVDA,2024-08-24 16:29:41,128.92,8889,BUY
NVDA,2024-08-24 16:29:38,124.03,1261,BUY
NVDA,2024-08-24 16:29:29,135.63,5715,BUY
NVDA,2024-08-24 16:29:15,135.09,3289,SELL
NVDA,2024-08-24 16:28:23,129.27,7479,BUY
NVDA,2024-08-24 16:27:52,132.56,46,BUY
NVDA,2024-08-24 16:27:42,130.0,663,SELL
NVDA,2024-08-24 16:27:05,134.15,6805,BUY
NVDA,2024-08-24 16:26:34,124.55,478,BUY
NVDA,2024-08-24 16:26:17,127.97,7635,SELL
NVDA,2024-08-24 16:25:22,133.34,3295,BUY
NVDA,2024-08-24 16:25:15,133.39,4127,BUY
NVDA,2024-08-24 16:24:55,134.25,6071,SELL
NVDA,2024-08-24 16:23:55,130.2,3763,SELL
NVDA,2024-08-24 16:23:01,123.06,3602,BUY
NVDA,2024-08-24 16:22:59,126.06,8459,BUY
NVDA,2024-08-24 16:22:07,131.26,1574,BUY
NVDA,2024-08-24 16:21:17,125.49,9474,SELL
NVDA,2024-08-24 16:21:02,130.94,1449,SELL
NVDA,2024-08-24 16:20:58,130.62,9045,BUY
NVDA,2024-08-24 16:20:17,131.88,1339,SELL
NVDA,2024-08-24 16:19:43,129.9,5615,SELL
NVDA,2024-08-24 16:19:35,128.63,8353,BUY
NVDA,2024-08-24 16:19:03,135.31,6426,BUY
NVDA,2024-08-24 16:18:37,132.88,1804,BUY
NVDA,2024-08-24 16:18:11,134.74,9312,SELL
NVDA,2024-08-24 16:18:00,129.88,3163,BUY
NVDA,2024-08-24 16:17:49,125.95,3703,BUY
NVDA,2024-08-24 16:17:45,129.41,2392,BUY
NVDA,2024-08-24 16:17:22,132.01,2907,SELL
NVDA,2024-08-24 16:16:42,125.21,2820,BUY
NVDA,2024-08-24 16:15:55,135.51,3634,BUY
NVDA,2024-08-24 16:15:01,126.71,5800,SELL
NVDA,2024-08-24 16:14:24,135.01,6143,BUY
NVDA,2024-08-24 16:13:26,134.78,238,SELL
NVDA,2024-08-24 16:12:53,129.12,8218,BUY
NVDA,2024-08-24 16:12:50,135.33,2756,SELL
NVDA,2024-08-24 16:12:49,124.31,1396,BUY
NVDA,2024-08-24 16:12:01,135.08,2612,BUY
NVDA,2024-08-24 16:11:30,126.88,9129,SELL
NVDA,2024-08-24 16:10:34,126.13,68,BUY
NVDA,2024-08-24 16:10:29,127.91,4566,SELL
NVDA,2024-08-24 16:10:25,127.42,2873,BUY
NVDA,2024-08-24 16:10:20,135.05,7200,BUY
NVDA,2024-08-24 16:09:34,130.07,7322,BUY
NVDA,2024-08-24 16:09:00,125.72,1587,BUY
NVDA,2024-08-24 16:08:50,135.73,3378,SELL
NVDA,2024-08-24 16:08:42,125.64,6640,BUY
NVDA,2024-08-24 16:08:38,132.25,6862,SELL
NVDA,2024-08-24 16:08:07,123.02,7805,BUY
NVDA,2024-08-24 16:07:13,124.98,4604,SELL
NVDA,2024-08-24 16:06:40,133.36,2205,BUY
NVDA,2024-08-24 16:05:40,132.52,4288,BUY
NVDA,2024-08-24 16:05:33,128.41,4365,SELL
NVDA,2024-08-24 16:04:33,133.3,6039,SELL
NVDA,2024-08-24 16:03:33,132.52,4314,SELL
NVDA,2024-08-24 16:02:53,129.09,5020,BUY
NVDA,2024-08-24 16:02:38,125.24,8407,BUY
NVDA,2024-08-24 16:02:07,131.2,4024,SELL
NVDA,2024-08-24 16:01:07,125.03,57,BUY
NVDA,2024-08-24 16:00:41,130.41,4863,BUY
NVDA,2024-08-24 16:00:29,127.56,8873,SELL
NVDA,2024-08-24 16:00:11,127.91,4967,BUY
JPM,2024-08-24 16:48:14,214.62,4922,SELL
JPM,2024-08-24 16:47:31,209.7,1421,BUY
JPM,2024-08-24 16:46:59,226.4,4052,SELL
JPM,2024-08-24 16:46:30,208.5,431,BUY
JPM,2024-08-24 16:46:09,221.77,7300,SELL
JPM,2024-08-24 16:45:22,229.01,3120,SELL
JPM,2024-08-24 16:44:22,207.8,2954,BUY
JPM,2024-08-24 16:43:53,218.44,9474,BUY
JPM,2024-08-24 16:43:46,218.94,3190,SELL
JPM,2024-08-24 16:43:45,226.95,4825,BUY
JPM,2024-08-24 16:43:08,209.72,6730,BUY
JPM,2024-08-24 16:42:46,216.6,4130,SELL
JPM,2024-08-24 16:41:49,222.02,4136,BUY
JPM,2024-08-24 16:41:06,219.0,3274,SELL
JPM,2024-08-24 16:40:52,209.2,5657,BUY
JPM,2024-08-24 16:40:26,224.3,8132,BUY
JPM,2024-08-24 16:39:41,207.85,614,BUY
JPM,2024-08-24 16:39:02,227.3,3069,SELL
JPM,2024-08-24 16:38:26,210.56,3143,BUY
JPM,2024-08-24 16:37:59,225.59,4839,BUY
JPM,2024-08-24 16:37:58,207.75,5907,SELL
JPM,2024-08-24 16:37:50,221.39,5050,BUY
JPM,2024-08-24 16:36:59,225.62,9565,SELL
JPM,2024-08-24 16:36:40,223.58,3885,SELL
JPM,2024-08-24 16:35:40,212.84,2086,SELL
JPM,2024-08-24 16:35:17,210.75,8783,SELL
JPM,2024-08-24 16:34:58,210.49,1413,SELL
JPM,2024-08-24 16:34:21,222.87,2115,SELL
JPM,2024-08-24 16:34:19,220.11,5891,BUY
JPM,2024-08-24 16:33:31,217.75,5842,BUY
JPM,2024-08-24 16:32:55,226.89,5865,BUY
JPM,2024-08-24 16:32:07,226.92,8004,BUY
JPM,2024-08-24 16:31:10,223.17,7722,SELL
JPM,2024-08-24 16:30:43,228.27,6276,BUY
JPM,2024-08-24 16:30:14,213.76,9468,SELL
JPM,2024-08-24 16:29:25,225.55,5612,BUY
JPM,2024-08-24 16:28:58,221.38,2451,BUY
JPM,2024-08-24 16:28:34,220.27,936,SELL
JPM,2024-08-24 16:28:17,221.98,1783,BUY
JPM,2024-08-24 16:28:13,217.59,3231,SELL
JPM,2024-08-24 16:27:28,216.61,1775,SELL
JPM,2024-08-24 16:26:28,210.86,4383,BUY
JPM,2024-08-24 16:25:56,210.4,4416,BUY
JPM,2024-08-24 16:25:41,217.85,5993,SELL
JPM,2024-08-24 16:25:31,222.3,8340,SELL
JPM,2024-08-24 16:24:57,220.36,4220,BUY
JPM,2024-08-24 16:24:09,216.69,9515,SELL
JPM,2024-08-24 16:23:31,216.69,7797,BUY
JPM,2024-08-24 16:22:39,223.29,1895,BUY
JPM,2024-08-24 16:21:55,212.82,3902,SELL
JPM,2024-08-24 16:21:51,226.43,6788,BUY
JPM,2024-08-24 16:21:18,207.71,5875,BUY
JPM,2024-08-24 16:20:54,227.41,5066,SELL
JPM,2024-08-24 16:20:17,227.57,3281,SELL
JPM,2024-08-24 16:19:42,209.54,1610,SELL
JPM,2024-08-24 16:19:07,210.72,6025,SELL
JPM,2024-08-24 16:18:35,220.26,5273,BUY
JPM,2024-08-24 16:18:16,216.82,3881,BUY
JPM,2024-08-24 16:17:33,223.32,9703,BUY
JPM,2024-08-24 16:17:23,223.75,602,BUY
JPM,2024-08-24 16:16:48,226.46,3229,SELL
JPM,2024-08-24 16:16:27,209.72,1295,SELL
JPM,2024-08-24 16:15:53,219.15,3875,BUY
JPM,2024-08-24 16:15:38,218.92,9087,BUY
JPM,2024-08-24 16:14:48,226.65,8037,SELL
JPM,2024-08-24 16:14:32,217.49,9264,BUY
JPM,2024-08-24 16:14:18,220.19,2399,BUY
JPM,2024-08-24 16:13:36,211.09,87,SELL
JPM,2024-08-24 16:12:44,211.73,6636,SELL
JPM,2024-08-24 16:12:25,213.3,7372,SELL
JPM,2024-08-24 16:11:42,225.04,3052,BUY
JPM,2024-08-24 16:11:20,223.57,4472,SELL
JPM,2024-08-24 16:10:24,218.75,4616,BUY
JPM,2024-08-24 16:09:49,228.12,1370,BUY
JPM,2024-08-24 16:09:30,214.42,5124,BUY
JPM,2024-08-24 16:08:40,211.07,6826,SELL
JPM,2024-08-24 16:07:52,228.42,3354,SELL
JPM,2024-08-24 16:07:33,209.13,5989,SELL
JPM,2024-08-24 16:06:35,221.96,2168,SELL
JPM,2024-08-24 16:06:34,225.48,1272,SELL
JPM,2024-08-24 16:06:04,218.92,9921,BUY
JPM,2024-08-24 16:05:56,215.19,7087,BUY
JPM,2024-08-24 16:05:11,214.45,2631,SELL
JPM,2024-08-24 16:04:26,209.23,6526,SELL
JPM,2024-08-24 16:03:39,215.41,12,BUY
JPM,2024-08-24 16:03:00,221.29,5320,SELL
JPM,2024-08-24 16:02:29,219.97,841,SELL
JPM,2024-08-24 16:02:16,208.73,7948,BUY
JPM,2024-08-24 16:01:59,217.15,3471,BUY
JPM,2024-08-24 16:01:08,210.24,3188,BUY
JPM,2024-08-24 16:01:05,222.45,2603,SELL
JPM,2024-08-24 16:00:43,214.9,8290,BUY
JPM,2024-08-24 16:00:02,213.19,6429,BUY
JPM,2024-08-24 15:59:56,211.4,7256,BUY
JPM,2024-08-24 15:59:49,223.31,518,SELL
JPM,2024-08-24 15:59:21,214.55,5023,BUY
JPM,2024-08-24 15:58:45,212.28,3045,BUY
JPM,2024-08-24 15:58:03,228.77,6023,BUY
JPM,2024-08-24 15:57:21,220.96,5333,SELL
JPM,2024-08-24 15:57:08,223.51,5797,BUY
V,2024-08-24 16:48:14,256.11,9004,SELL
V,2024-08-24 16:47:58,260.08,2611,SELL
V,2024-08-24 16:47:22,263.64,6075,BUY
V,2024-08-24 16:47:11,278.58,5604,SELL
V,2024-08-24 16:46:59,271.76,5813,BUY
V,2024-08-24 16:46:35,280.71,5408,SELL
V,2024-08-24 16:46:26,265.0,6963,SELL
V,2024-08-24 16:45:54,263.88,4168,BUY
V,2024-08-24 16:45:36,258.86,2096,SELL
V,2024-08-24 16:45:06,259.72,6073,SELL
V,2024-08-24 16:44:47,269.26,919,SELL
V,2024-08-24 16:44:31,273.44,1422,SELL
V,2024-08-24 16:43:51,279.07,3325,SELL
V,2024-08-24 16:42:56,278.84,7244,BUY
V,2024-08-24 16:42:13,262.96,3158,SELL
V,2024-08-24 16:41:36,271.27,4634,BUY
V,2024-08-24 16:41:24,261.75,6560,SELL
V,2024-08-24 16:41:01,254.43,232,BUY
V,2024-08-24 16:40:04,279.97,382,BUY
V,2024-08-24 16:39:10,273.36,9168,BUY
V,2024-08-24 16:38:19,271.19,9021,SELL
V,2024-08-24 16:38:15,254.57,5834,BUY
V,2024-08-24 16:38:11,265.98,1011,BUY
V,2024-08-24 16:37:29,272.67,3645,BUY
V,2024-08-24 16:37:02,269.69,8457,SELL
V,2024-08-24 16:36:06,261.12,9297,SELL
V,2024-08-24 16:36:02,268.77,3267,BUY
V,2024-08-24 16:35:33,269.63,1722,SELL
V,2024-08-24 16:34:58,279.78,4520,BUY
V,2024-08-24 16:34:12,262.9,1095,SELL
V,2024-08-24 16:33:39,273.21,5480,SELL
V,2024-08-24 16:33:25,274.59,9609,BUY
V,2024-08-24 16:32:57,262.99,4260,SELL
V,2024-08-24 16:32:49,277.85,8069,BUY
V,2024-08-24 16:32:18,261.66,5309,SELL
V,2024-08-24 16:31:26,271.47,9347,SELL
V,2024-08-24 16:30:26,257.91,9807,BUY
V,2024-08-24 16:29:33,273.74,720,BUY
V,2024-08-24 16:28:57,254.46,8632,BUY
V,2024-08-24 16:28:06,273.31,2062,BUY
V,2024-08-24 16:27:58,266.71,7037,BUY
V,2024-08-24 16:27:50,263.36,1618,BUY
V,2024-08-24 16:27:14,259.77,7580,SELL
V,2024-08-24 16:26:14,266.68,7613,SELL
V,2024-08-24 16:25:15,262.1,435,SELL
V,2024-08-24 16:24:45,263.24,4400,SELL
V,2024-08-24 16:24:39,273.41,9381,SELL
V,2024-08-24 16:24:30,268.74,8335,SELL
V,2024-08-24 16:23:35,259.5,3579,SELL
V,2024-08-24 16:22:38,278.26,3407,SELL
V,2024-08-24 16:22:28,276.49,6167,BUY
V,2024-08-24 16:22:23,277.79,744,SELL
V,2024-08-24 16:21:50,259.09,1894,SELL
V,2024-08-24 16:21:25,269.08,440,BUY
V,2024-08-24 16:21:14,274.81,7541,BUY
V,2024-08-24 16:20:51,278.65,6663,BUY
V,2024-08-24 16:20:11,261.34,4082,BUY
V,2024-08-24 16:19:45,257.74,5194,SELL
V,2024-08-24 16:19:44,266.9,5259,SELL
V,2024-08-24 16:19:34,270.74,6142,BUY
V,2024-08-24 16:19:27,258.59,2274,SELL
V,2024-08-24 16:19:20,264.13,3487,SELL
V,2024-08-24 16:19:07,256.84,563,SELL
V,2024-08-24 16:18:17,267.26,3345,BUY
V,2024-08-24 16:17:39,261.21,8482,SELL
V,2024-08-24 16:16:46,271.76,1441,SELL
V,2024-08-24 16:16:36,274.55,216,SELL
V,2024-08-24 16:16:21,260.14,9546,SELL
V,2024-08-24 16:16:14,257.7,8871,SELL
V,2024-08-24 16:15:25,257.75,9004,SELL
V,2024-08-24 16:14:50,255.6,902,BUY
V,2024-08-24 16:14:00,267.15,7866,SELL
V,2024-08-24 16:13:23,270.15,5130,BUY
V,2024-08-24 16:13:22,273.76,2891,SELL
V,2024-08-24 16:13:07,263.86,8761,BUY
V,2024-08-24 16:12:59,258.04,4957,BUY
V,2024-08-24 16:12:01,279.98,6699,BUY
V,2024-08-24 16:11:31,254.53,9941,SELL
V,2024-08-24 16:11:06,267.62,4113,BUY
V,2024-08-24 16:10:10,268.04,6727,SELL
V,2024-08-24 16:09:58,276.45,6850,BUY
V,2024-08-24 16:09:43,255.91,8273,SELL
V,2024-08-24 16:09:36,279.93,4844,SELL
V,2024-08-24 16:09:34,259.45,4348,SELL
V,2024-08-24 16:08:58,254.16,6792,BUY
V,2024-08-24 16:08:21,276.0,1312,BUY
V,2024-08-24 16:07:45,258.26,6522,BUY
V,2024-08-24 16:06:51,266.54,1665,SELL
V,2024-08-24 16:06:39,259.51,6939,SELL
V,2024-08-24 16:06:25,259.28,9801,SELL
V,2024-08-24 16:06:23,254.35,869,BUY
V,2024-08-24 16:06:21,254.53,2468,SELL
V,2024-08-24 16:05:58,271.65,209,BUY
V,2024-08-24 16:05:50,269.98,1409,BUY
V,2024-08-24 16:05:38,265.87,7018,SELL
V,2024-08-24 16:05:24,264.2,8567,SELL
V,2024-08-24 16:04:26,277.84,7737,SELL
V,2024-08-24 16:03:38,258.61,164,BUY
V,2024-08-24 16:03:05,258.38,248,SELL
V,2024-08-24 16:02:59,257.23,9408,SELL
JNJ,2024-08-24 16:48:15,160.29,2353,SELL
JNJ,2024-08-24 16:47:42,171.8,4627,SELL
JNJ,2024-08-24 16:47:02,161.18,8522,SELL
JNJ,2024-08-24 16:46:19,172.21,1042,BUY
JNJ,2024-08-24 16:45:43,162.66,4162,BUY
JNJ,2024-08-24 16:44:49,169.12,9819,BUY
JNJ,2024-08-24 16:44:40,165.14,411,SELL
JNJ,2024-08-24 16:43:47,163.01,9349,BUY
JNJ,2024-08-24 16:42:54,163.58,3550,SELL
JNJ,2024-08-24 16:42:43,171.68,2790,SELL
JNJ,2024-08-24 16:42:22,165.75,4542,BUY
JNJ,2024-08-24 16:41:31,161.16,7570,BUY
JNJ,2024-08-24 16:40:54,165.77,4031,BUY
JNJ,2024-08-24 16:40:42,163.89,6800,SELL
JNJ,2024-08-24 16:39:56,170.22,6554,SELL
JNJ,2024-08-24 16:39:19,166.16,5136,BUY
JNJ,2024-08-24 16:39:04,160.56,1889,BUY
JNJ,2024-08-24 16:38:20,172.18,5042,BUY
JNJ,2024-08-24 16:37:28,157.72,4361,BUY
JNJ,2024-08-24 16:36:52,171.15,6140,BUY
JNJ,2024-08-24 16:36:44,156.9,755,SELL
JNJ,2024-08-24 16:36:20,169.95,4823,SELL
JNJ,2024-08-24 16:35:57,168.95,3799,BUY
JNJ,2024-08-24 16:35:17,169.32,8253,BUY
JNJ,2024-08-24 16:35:10,159.38,9199,BUY
JNJ,2024-08-24 16:34:11,170.7,7103,BUY
JNJ,2024-08-24 16:33:28,169.52,2649,SELL
JNJ,2024-08-24 16:32:55,160.24,9930,SELL
JNJ,2024-08-24 16:32:19,166.05,2765,BUY
JNJ,2024-08-24 16:32:12,171.71,5771,BUY
JNJ,2024-08-24 16:32:03,158.61,6102,SELL
JNJ,2024-08-24 16:31:15,157.45,7255,BUY
JNJ,2024-08-24 16:30:54,165.7,7243,SELL
JNJ,2024-08-24 16:30:14,171.51,2810,SELL
JNJ,2024-08-24 16:29:30,169.0,4366,SELL
JNJ,2024-08-24 16:29:15,161.68,2670,SELL
JNJ,2024-08-24 16:28:38,167.55,734,SELL
JNJ,2024-08-24 16:28:10,170.69,1636,BUY
JNJ,2024-08-24 16:27:51,169.12,1787,BUY
JNJ,2024-08-24 16:27:18,159.72,4759,BUY
JNJ,2024-08-24 16:26:21,161.92,668,SELL
JNJ,2024-08-24 16:25:34,169.52,5647,SELL
JNJ,2024-08-24 16:24:36,165.4,760,SELL
JNJ,2024-08-24 16:24:15,170.05,7104,SELL
JNJ,2024-08-24 16:24:09,165.7,694,BUY
JNJ,2024-08-24 16:23:49,167.93,379,SELL
JNJ,2024-08-24 16:23:25,167.53,2080,BUY
JNJ,2024-08-24 16:22:57,168.12,8104,SELL
JNJ,2024-08-24 16:22:33,163.28,7824,BUY
JNJ,2024-08-24 16:21:58,161.0,6498,BUY
JNJ,2024-08-24 16:21:17,171.93,4094,SELL
JNJ,2024-08-24 16:20:27,161.06,7952,SELL
JNJ,2024-08-24 16:19:44,157.55,2774,SELL
JNJ,2024-08-24 16:19:03,168.25,9571,BUY
JNJ,2024-08-24 16:18:42,164.37,4712,BUY
JNJ,2024-08-24 16:18:16,165.07,250,BUY
JNJ,2024-08-24 16:17:45,163.81,1314,SELL
JNJ,2024-08-24 16:17:41,156.58,9121,SELL
JNJ,2024-08-24 16:16:50,169.22,7631,BUY
JNJ,2024-08-24 16:16:31,168.76,7521,SELL
JNJ,2024-08-24 16:16:27,172.31,7867,SELL
JNJ,2024-08-24 16:16:06,164.17,8189,SELL
JNJ,2024-08-24 16:15:25,161.93,380,BUY
JNJ,2024-08-24 16:15:05,156.12,5109,BUY
JNJ,2024-08-24 16:14:57,158.2,8047,SELL
JNJ,2024-08-24 16:14:49,162.87,8705,SELL
JNJ,2024-08-24 16:13:57,165.71,8766,SELL
JNJ,2024-08-24 16:13:40,160.99,1560,SELL
JNJ,2024-08-24 16:13:35,168.5,1870,SELL
JNJ,2024-08-24 16:13:10,170.89,5364,BUY
JNJ,2024-08-24 16:12:10,170.84,4408,BUY
JNJ,2024-08-24 16:11:10,156.32,7026,SELL
JNJ,2024-08-24 16:10:35,160.79,2376,SELL
JNJ,2024-08-24 16:10:30,156.68,4509,SELL
JNJ,2024-08-24 16:09:45,165.32,885,BUY
JNJ,2024-08-24 16:09:26,170.09,5986,SELL
JNJ,2024-08-24 16:08:33,158.1,4053,SELL
JNJ,2024-08-24 16:07:33,156.15,7473,SELL
JNJ,2024-08-24 16:07:08,167.85,2688,SELL
JNJ,2024-08-24 16:06:46,157.53,9351,BUY
JNJ,2024-08-24 16:06:14,168.33,9277,BUY
JNJ,2024-08-24 16:05:26,165.86,6781,BUY
JNJ,2024-08-24 16:04:28,164.81,1888,BUY
JNJ,2024-08-24 16:03:44,162.9,5870,SELL
JNJ,2024-08-24 16:02:47,171.44,3236,BUY
JNJ,2024-08-24 16:02:40,164.61,787,BUY
JNJ,2024-08-24 16:01:48,156.07,3711,BUY
JNJ,2024-08-24 16:01:21,156.31,1685,SELL
JNJ,2024-08-24 16:00:31,165.52,4261,SELL
JNJ,2024-08-24 16:00:12,171.31,3036,BUY
JNJ,2024-08-24 15:59:56,162.24,1783,BUY
JNJ,2024-08-24 15:59:41,160.81,2231,BUY
JNJ,2024-08-24 15:59:40,166.17,1998,BUY
JNJ,2024-08-24 15:59:31,160.51,5747,SELL
JNJ,2024-08-24 15:59:18,161.71,9511,SELL
JNJ,2024-08-24 15:59:08,158.11,5560,SELL
JNJ,2024-08-24 15:58:24,170.94,2382,BUY
JNJ,2024-08-24 15:57:56,163.75,6916,SELL
JNJ,2024-08-24 15:57:19,164.85,8406,BUY
JNJ,2024-08-24 15:56:38,170.36,7321,SELL
WMT,2024-08-24 16:48:15,78.33,6059,BUY
WMT,2024-08-24 16:48:11,78.29,7253,SELL
WMT,2024-08-24 16:47:25,75.53,2639,BUY
WMT,2024-08-24 16:46:37,75.51,2878,BUY
WMT,2024-08-24 16:46:29,76.12,170,SELL
WMT,2024-08-24 16:46:02,74.4,6673,SELL
WMT,2024-08-24 16:45:14,78.04,6117,SELL
WMT,2024-08-24 16:45:00,78.76,6530,SELL
WMT,2024-08-24 16:44:23,72.73,9033,BUY
WMT,2024-08-24 16:43:36,71.92,7603,BUY
WMT,2024-08-24 16:42:49,76.09,9985,BUY
WMT,2024-08-24 16:42:40,78.22,7270,SELL
WMT,2024-08-24 16:41:48,75.48,6234,BUY
WMT,2024-08-24 16:41:01,77.95,3978,BUY
WMT,2024-08-24 16:40:07,79.32,4003,BUY
WMT,2024-08-24 16:39:34,72.49,2652,BUY
WMT,2024-08-24 16:38:51,77.0,9331,SELL
WMT,2024-08-24 16:38:35,76.68,4059,BUY
WMT,2024-08-24 16:37:58,75.52,2021,BUY
WMT,2024-08-24 16:37:14,76.05,7111,SELL
WMT,2024-08-24 16:36:23,76.04,7892,SELL
WMT,2024-08-24 16:35:49,79.41,5391,SELL
WMT,2024-08-24 16:35:13,75.58,2507,SELL
WMT,2024-08-24 16:34:47,72.58,5803,SELL
WMT,2024-08-24 16:34:40,78.7,5784,BUY
WMT,2024-08-24 16:34:14,72.99,9310,SELL
WMT,2024-08-24 16:33:22,72.37,9388,BUY
WMT,2024-08-24 16:32:32,79.03,7410,BUY
WMT,2024-08-24 16:31:37,73.67,2094,BUY
WMT,2024-08-24 16:31:14,72.88,4264,BUY
WMT,2024-08-24 16:30:24,78.96,4543,BUY
WMT,2024-08-24 16:29:25,77.96,2027,SELL
WMT,2024-08-24 16:28:53,74.39,9575,SELL
WMT,2024-08-24 16:28:31,75.44,5205,BUY
WMT,2024-08-24 16:27:50,77.5,1988,BUY
WMT,2024-08-24 16:27:26,78.0,4273,BUY
WMT,2024-08-24 16:26:52,77.15,8703,SELL
WMT,2024-08-24 16:26:16,77.84,7533,BUY
WMT,2024-08-24 16:26:14,78.42,1302,SELL
WMT,2024-08-24 16:25:45,73.8,7648,BUY
WMT,2024-08-24 16:25:42,75.01,9475,SELL
WMT,2024-08-24 16:24:49,74.83,3662,SELL
WMT,2024-08-24 16:24:19,74.64,8274,SELL
WMT,2024-08-24 16:23:21,75.34,5587,SELL
WMT,2024-08-24 16:22:34,79.47,9920,SELL
WMT,2024-08-24 16:21:43,78.36,7812,BUY
WMT,2024-08-24 16:21:32,73.26,7330,BUY
WMT,2024-08-24 16:21:30,76.15,3117,SELL
WMT,2024-08-24 16:20:54,78.83,7707,SELL
WMT,2024-08-24 16:19:55,75.66,5169,SELL
WMT,2024-08-24 16:19:39,74.88,6712,SELL
WMT,2024-08-24 16:19:19,78.82,9045,BUY
WMT,2024-08-24 16:18:49,72.0,9793,BUY
WMT,2024-08-24 16:18:10,72.6,892,BUY
WMT,2024-08-24 16:17:24,74.76,2716,BUY
WMT,2024-08-24 16:16:24,79.3,6113,BUY
WMT,2024-08-24 16:16:19,76.16,6995,BUY
WMT,2024-08-24 16:15:38,78.64,416,SELL
WMT,2024-08-24 16:14:44,75.28,5543,SELL
WMT,2024-08-24 16:14:40,78.46,1676,SELL
WMT,2024-08-24 16:14:34,72.8,8039,BUY
WMT,2024-08-24 16:13:41,76.02,6919,BUY
WMT,2024-08-24 16:13:34,75.41,4188,BUY
WMT,2024-08-24 16:12:59,78.08,707,SELL
WMT,2024-08-24 16:12:58,78.93,1728,SELL
WMT,2024-08-24 16:12:29,76.69,8487,BUY
WMT,2024-08-24 16:11:36,78.63,9361,BUY
WMT,2024-08-24 16:10:50,77.75,2987,BUY
WMT,2024-08-24 16:10:37,77.37,3659,BUY
WMT,2024-08-24 16:10:12,73.07,1805,SELL
WMT,2024-08-24 16:09:55,72.95,286,BUY
WMT,2024-08-24 16:09:44,75.25,4142,BUY
WMT,2024-08-24 16:09:26,74.67,8554,SELL
WMT,2024-08-24 16:08:27,79.1,8451,BUY
WMT,2024-08-24 16:07:29,73.33,1916,SELL
WMT,2024-08-24 16:06:44,76.96,2929,BUY
WMT,2024-08-24 16:06:17,79.48,1980,BUY
WMT,2024-08-24 16:05:56,78.2,6430,SELL
WMT,2024-08-24 16:05:34,75.6,6379,SELL
WMT,2024-08-24 16:04:55,72.85,4851,BUY
WMT,2024-08-24 16:04:50,72.43,7240,SELL
WMT,2024-08-24 16:04:10,78.84,8023,SELL
WMT,2024-08-24 16:03:51,73.57,9328,BUY
WMT,2024-08-24 16:03:25,75.59,1138,BUY
WMT,2024-08-24 16:02:32,79.33,6884,BUY
WMT,2024-08-24 16:01:58,75.6,9542,SELL
WMT,2024-08-24 16:01:31,73.81,4829,SELL
WMT,2024-08-24 16:00:37,75.1,9854,BUY
WMT,2024-08-24 16:00:07,78.67,2816,BUY
WMT,2024-08-24 15:59:51,79.13,4064,SELL
WMT,2024-08-24 15:58:58,76.47,4433,SELL
WMT,2024-08-24 15:58:16,73.3,6919,SELL
WMT,2024-08-24 15:57:53,72.24,2796,BUY
WMT,2024-08-24 15:57:42,72.54,4955,SELL
WMT,2024-08-24 15:56:49,78.74,1366,SELL
WMT,2024-08-24 15:55:50,77.74,5736,SELL
WMT,2024-08-24 15:55:24,74.89,7390,BUY
WMT,2024-08-24 15:55:05,72.97,1815,SELL
WMT,2024-08-24 15:54:28,73.18,8830,BUY
WMT,2024-08-24 15:54:02,75.77,9368,SELL
BABA,2024-08-24 16:48:15,82.67,2207,BUY
BABA,2024-08-24 16:47:59,86.23,9056,SELL
BABA,2024-08-24 16:47:09,84.14,5857,BUY
BABA,2024-08-24 16:46:09,83.24,948,BUY
BABA,2024-08-24 16:45:28,82.48,9043,BUY
BABA,2024-08-24 16:45:09,82.0,9900,SELL
BABA,2024-08-24 16:44:09,88.68,5899,SELL
BABA,2024-08-24 16:43:12,86.34,2558,BUY
BABA,2024-08-24 16:42:36,82.51,8539,SELL
BABA,2024-08-24 16:42:12,89.6,9124,BUY
BABA,2024-08-24 16:41:12,87.3,5899,BUY
BABA,2024-08-24 16:40:41,88.47,6332,BUY
BABA,2024-08-24 16:40:17,81.68,8687,BUY
BABA,2024-08-24 16:39:35,81.19,8663,SELL
BABA,2024-08-24 16:39:18,89.13,7045,BUY
BABA,2024-08-24 16:38:54,82.49,2574,SELL
BABA,2024-08-24 16:38:01,86.82,6875,SELL
BABA,2024-08-24 16:37:51,81.34,5245,SELL
BABA,2024-08-24 16:37:32,82.6,3864,SELL
BABA,2024-08-24 16:37:20,89.22,8209,BUY
BABA,2024-08-24 16:36:40,86.85,3507,BUY
BABA,2024-08-24 16:36:19,82.9,411,BUY
BABA,2024-08-24 16:35:39,85.06,5679,BUY
BABA,2024-08-24 16:35:04,83.85,9642,SELL
BABA,2024-08-24 16:34:46,84.33,3699,SELL
BABA,2024-08-24 16:34:44,87.47,5932,SELL
BABA,2024-08-24 16:34:36,88.99,3141,SELL
BABA,2024-08-24 16:33:47,86.6,7556,SELL
BABA,2024-08-24 16:32:51,89.18,9507,SELL
BABA,2024-08-24 16:31:51,84.1,9968,BUY
BABA,2024-08-24 16:31:38,86.48,4414,BUY
BABA,2024-08-24 16:30:49,83.95,5908,BUY
BABA,2024-08-24 16:30:18,86.73,9107,BUY
BABA,2024-08-24 16:29:51,82.7,1189,SELL
BABA,2024-08-24 16:29:26,89.07,5687,BUY
BABA,2024-08-24 16:28:45,82.52,8544,SELL
BABA,2024-08-24 16:28:37,86.86,3239,BUY
BABA,2024-08-24 16:27:58,85.66,4398,SELL
BABA,2024-08-24 16:27:14,88.32,8809,BUY
BABA,2024-08-24 16:26:15,81.93,2785,BUY
BABA,2024-08-24 16:25:51,88.73,3240,SELL
BABA,2024-08-24 16:25:17,85.52,1116,SELL
BABA,2024-08-24 16:24:32,86.26,1793,SELL
BABA,2024-08-24 16:23:50,87.87,9540,BUY
BABA,2024-08-24 16:23:16,83.65,5171,SELL
BABA,2024-08-24 16:22:37,87.3,6115,SELL
BABA,2024-08-24 16:21:50,87.68,4328,BUY
BABA,2024-08-24 16:21:42,85.32,4166,BUY
BABA,2024-08-24 16:21:36,89.1,5615,BUY
BABA,2024-08-24 16:20:47,87.28,9673,BUY
BABA,2024-08-24 16:20:22,81.23,2463,SELL
BABA,2024-08-24 16:20:16,85.3,6712,BUY
BABA,2024-08-24 16:19:19,87.11,2142,SELL
BABA,2024-08-24 16:19:17,81.87,9986,SELL
BABA,2024-08-24 16:18:20,84.24,3581,BUY
BABA,2024-08-24 16:17:28,84.67,1961,SELL
BABA,2024-08-24 16:16:33,82.88,6231,SELL
BABA,2024-08-24 16:16:25,85.06,141,SELL
BABA,2024-08-24 16:15:29,87.78,5342,BUY
BABA,2024-08-24 16:14:34,84.3,8857,BUY
BABA,2024-08-24 16:14:24,87.4,2405,SELL
BABA,2024-08-24 16:13:32,87.32,9666,SELL
BABA,2024-08-24 16:13:13,81.95,5916,SELL
BABA,2024-08-24 16:12:53,82.72,990,SELL
BABA,2024-08-24 16:12:12,86.99,3969,BUY
BABA,2024-08-24 16:11:24,89.66,680,BUY
BABA,2024-08-24 16:10:30,82.4,4283,BUY
BABA,2024-08-24 16:09:30,85.17,5093,BUY
BABA,2024-08-24 16:09:11,88.86,8159,BUY
BABA,2024-08-24 16:09:02,87.18,3421,BUY
BABA,2024-08-24 16:08:14,83.93,5126,BUY
BABA,2024-08-24 16:07:40,87.71,9608,SELL
BABA,2024-08-24 16:07:34,84.15,3848,SELL
BABA,2024-08-24 16:07:08,81.47,9683,BUY
BABA,2024-08-24 16:06:45,88.39,2698,BUY
BABA,2024-08-24 16:06:36,82.97,7084,BUY
BABA,2024-08-24 16:06:31,85.98,9231,BUY
BABA,2024-08-24 16:06:25,89.38,6214,SELL
BABA,2024-08-24 16:06:00,88.89,4522,SELL
BABA,2024-08-24 16:05:55,85.99,9263,SELL
BABA,2024-08-24 16:05:32,83.11,9977,SELL
BABA,2024-08-24 16:05:10,81.88,4265,BUY
BABA,2024-08-24 16:04:55,87.91,5065,BUY
BABA,2024-08-24 16:04:50,88.55,861,SELL
BABA,2024-08-24 16:04:00,82.89,9655,BUY
BABA,2024-08-24 16:03:36,88.36,9218,SELL
BABA,2024-08-24 16:02:57,87.33,5826,SELL
BABA,2024-08-24 16:02:39,84.35,5456,BUY
BABA,2024-08-24 16:01:44,89.19,3995,BUY
BABA,2024-08-24 16:01:42,83.03,2053,BUY
BABA,2024-08-24 16:00:51,82.26,2260,BUY
BABA,2024-08-24 16:00:10,87.43,3863,BUY
BABA,2024-08-24 15:59:48,83.56,4602,BUY
BABA,2024-08-24 15:58:56,86.69,1876,BUY
BABA,2024-08-24 15:58:29,82.26,294,SELL
BABA,2024-08-24 15:58:13,86.26,9491,SELL
BABA,2024-08-24 15:57:47,87.19,5511,SELL
BABA,2024-08-24 15:56:47,81.14,1145,SELL
BABA,2024-08-24 15:56:37,86.04,102,SELL
BABA,2024-08-24 15:56:30,86.03,8185,SELL
TCEHY,2024-08-24 16:48:15,48.12,1013,BUY
TCEHY,2024-08-24 16:48:05,49.85,7978,SELL
TCEHY,2024-08-24 16:47:51,46.45,7315,SELL
TCEHY,2024-08-24 16:47:11,50.21,7163,BUY
TCEHY,2024-08-24 16:47:03,50.61,7605,BUY
TCEHY,2024-08-24 16:46:08,48.16,6311,BUY
TCEHY,2024-08-24 16:45:51,46.75,6921,SELL
TCEHY,2024-08-24 16:45:44,49.7,8160,SELL
TCEHY,2024-08-24 16:45:27,47.94,9923,SELL
TCEHY,2024-08-24 16:44:30,47.33,6290,SELL
TCEHY,2024-08-24 16:44:04,49.16,2547,BUY
TCEHY,2024-08-24 16:43:29,45.99,5827,BUY
TCEHY,2024-08-24 16:42:47,46.41,3592,SELL
TCEHY,2024-08-24 16:42:15,50.54,7429,SELL
TCEHY,2024-08-24 16:41:58,49.91,8830,BUY
TCEHY,2024-08-24 16:41:27,47.88,4871,SELL
TCEHY,2024-08-24 16:41:26,50.04,2025,BUY
TCEHY,2024-08-24 16:41:15,49.48,19,SELL
TCEHY,2024-08-24 16:40:54,50.3,8393,BUY
TCEHY,2024-08-24 16:40:34,50.21,561,SELL
TCEHY,2024-08-24 16:40:16,49.4,6302,BUY
TCEHY,2024-08-24 16:39:32,47.08,9202,SELL
TCEHY,2024-08-24 16:39:31,47.16,1353,SELL
TCEHY,2024-08-24 16:39:03,50.16,5742,BUY
TCEHY,2024-08-24 16:38:07,46.36,2751,BUY
TCEHY,2024-08-24 16:37:10,50.36,9196,SELL
TCEHY,2024-08-24 16:36:37,46.32,9244,SELL
TCEHY,2024-08-24 16:36:13,48.16,2991,BUY
TCEHY,2024-08-24 16:35:29,49.99,7832,SELL
TCEHY,2024-08-24 16:34:54,47.76,2295,SELL
TCEHY,2024-08-24 16:34:45,49.25,6737,BUY
TCEHY,2024-08-24 16:33:52,50.13,11,BUY
TCEHY,2024-08-24 16:33:38,48.16,1724,SELL
TCEHY,2024-08-24 16:33:23,49.27,7082,BUY
TCEHY,2024-08-24 16:32:36,46.61,6606,BUY
TCEHY,2024-08-24 16:32:01,47.14,9220,BUY
TCEHY,2024-08-24 16:31:52,45.96,7722,BUY
TCEHY,2024-08-24 16:31:15,46.64,1244,BUY
TCEHY,2024-08-24 16:30:42,46.17,1608,SELL
TCEHY,2024-08-24 16:30:25,50.0,4463,BUY
TCEHY,2024-08-24 16:30:07,49.67,4670,BUY
TCEHY,2024-08-24 16:29:14,49.59,2774,SELL
TCEHY,2024-08-24 16:28:36,49.11,4599,SELL
TCEHY,2024-08-24 16:28:11,46.11,9456,SELL
TCEHY,2024-08-24 16:27:24,49.08,9141,SELL
TCEHY,2024-08-24 16:26:26,47.47,3879,BUY
TCEHY,2024-08-24 16:26:13,46.12,3325,BUY
TCEHY,2024-08-24 16:25:46,46.94,4773,SELL
TCEHY,2024-08-24 16:25:03,49.49,5677,BUY
TCEHY,2024-08-24 16:24:36,47.5,157,BUY
TCEHY,2024-08-24 16:24:20,48.31,2148,BUY
TCEHY,2024-08-24 16:24:07,50.42,3920,SELL
TCEHY,2024-08-24 16:23:15,50.55,9348,SELL
TCEHY,2024-08-24 16:22:18,48.61,4690,SELL
TCEHY,2024-08-24 16:21:31,46.5,3985,SELL
TCEHY,2024-08-24 16:21:22,48.37,1395,SELL
TCEHY,2024-08-24 16:21:20,48.27,4383,SELL
TCEHY,2024-08-24 16:20:39,46.44,1573,BUY
TCEHY,2024-08-24 16:19:43,48.46,8179,SELL
TCEHY,2024-08-24 16:18:51,49.11,4377,SELL
TCEHY,2024-08-24 16:18:12,46.67,1660,SELL
TCEHY,2024-08-24 16:17:50,49.71,4740,SELL
TCEHY,2024-08-24 16:16:59,47.17,1070,BUY
TCEHY,2024-08-24 16:16:57,46.3,3443,SELL
TCEHY,2024-08-24 16:15:57,49.36,9680,SELL
TCEHY,2024-08-24 16:14:58,50.51,2647,BUY
TCEHY,2024-08-24 16:13:58,47.61,8094,SELL
TCEHY,2024-08-24 16:13:17,47.99,2250,SELL
TCEHY,2024-08-24 16:12:19,46.15,7608,BUY
TCEHY,2024-08-24 16:11:53,48.77,535,SELL
TCEHY,2024-08-24 16:11:05,50.52,1032,BUY
TCEHY,2024-08-24 16:10:34,50.74,5430,BUY
TCEHY,2024-08-24 16:09:52,49.25,9570,BUY
TCEHY,2024-08-24 16:09:47,48.07,4738,BUY
TCEHY,2024-08-24 16:09:15,46.53,8652,SELL
TCEHY,2024-08-24 16:08:18,48.83,6938,BUY
TCEHY,2024-08-24 16:08:16,46.48,5936,BUY
TCEHY,2024-08-24 16:07:47,47.24,7466,BUY
TCEHY,2024-08-24 16:06:47,50.04,6062,BUY
TCEHY,2024-08-24 16:06:27,46.28,6382,BUY
TCEHY,2024-08-24 16:05:30,48.07,8815,BUY
TCEHY,2024-08-24 16:04:43,50.43,1493,SELL
TCEHY,2024-08-24 16:03:59,49.65,2381,SELL
TCEHY,2024-08-24 16:03:19,46.03,9308,SELL
TCEHY,2024-08-24 16:02:51,48.95,1148,BUY
TCEHY,2024-08-24 16:02:12,49.33,3619,SELL
TCEHY,2024-08-24 16:01:42,48.81,7596,BUY
TCEHY,2024-08-24 16:00:51,49.4,4292,SELL
TCEHY,2024-08-24 16:00:14,46.83,5293,BUY
TCEHY,2024-08-24 15:59:54,50.27,2216,SELL
TCEHY,2024-08-24 15:58:54,50.25,5997,SELL
TCEHY,2024-08-24 15:58:50,46.84,3977,SELL
TCEHY,2024-08-24 15:58:12,49.23,1322,SELL
TCEHY,2024-08-24 15:57:33,48.76,6962,SELL
TCEHY,2024-08-24 15:56:57,47.46,2991,BUY
TCEHY,2024-08-24 15:56:31,46.87,6966,BUY
TCEHY,2024-08-24 15:56:02,47.71,766,SELL
TCEHY,2024-08-24 15:55:45,47.15,9400,BUY
TCEHY,2024-08-24 15:55:43,46.36,9295,BUY
TCEHY,2024-08-24 15:55:38,49.24,420,SELL
PDD,2024-08-24 16:48:15,140.85,4459,BUY
PDD,2024-08-24 16:48:07,135.12,1200,SELL
PDD,2024-08-24 16:47:22,146.11,9144,SELL
PDD,2024-08-24 16:46:45,146.77,9508,BUY
PDD,2024-08-24 16:46:38,139.98,8898,BUY
PDD,2024-08-24 16:45:49,142.08,674,SELL
PDD,2024-08-24 16:44:58,145.76,3942,SELL
PDD,2024-08-24 16:44:57,135.3,9151,SELL
PDD,2024-08-24 16:44:18,145.17,3903,BUY
PDD,2024-08-24 16:43:24,133.18,7328,SELL
PDD,2024-08-24 16:43:00,145.68,5518,BUY
PDD,2024-08-24 16:42:02,133.27,7560,BUY
PDD,2024-08-24 16:41:06,140.4,7714,SELL
PDD,2024-08-24 16:40:15,133.48,63,BUY
PDD,2024-08-24 16:39:48,139.85,537,SELL
PDD,2024-08-24 16:39:39,142.55,6698,BUY
PDD,2024-08-24 16:39:28,137.91,3230,SELL
PDD,2024-08-24 16:39:15,140.65,6188,BUY
PDD,2024-08-24 16:38:48,139.08,948,SELL
PDD,2024-08-24 16:37:50,136.48,4158,BUY
PDD,2024-08-24 16:36:58,133.81,5120,BUY
PDD,2024-08-24 16:36:43,144.64,4085,BUY
PDD,2024-08-24 16:36:40,146.42,6384,BUY
PDD,2024-08-24 16:36:06,140.51,9195,BUY
PDD,2024-08-24 16:35:58,136.35,2939,BUY
PDD,2024-08-24 16:35:57,133.04,4021,SELL
PDD,2024-08-24 16:35:37,143.02,111,SELL
PDD,2024-08-24 16:35:13,142.99,2654,BUY
PDD,2024-08-24 16:34:28,146.45,648,SELL
PDD,2024-08-24 16:34:20,139.97,1777,SELL
PDD,2024-08-24 16:34:19,145.19,4937,BUY
PDD,2024-08-24 16:33:28,143.89,8753,BUY
PDD,2024-08-24 16:32:54,134.41,4785,BUY
PDD,2024-08-24 16:32:25,143.62,9396,BUY
PDD,2024-08-24 16:31:42,136.65,5966,SELL
PDD,2024-08-24 16:30:57,139.5,6119,SELL
PDD,2024-08-24 16:30:42,134.9,4928,BUY
PDD,2024-08-24 16:30:31,134.14,4609,SELL
PDD,2024-08-24 16:30:11,136.0,3225,BUY
PDD,2024-08-24 16:29:31,141.98,1330,BUY
PDD,2024-08-24 16:29:16,143.03,3859,SELL
PDD,2024-08-24 16:28:59,139.81,7112,BUY
PDD,2024-08-24 16:28:07,140.83,5590,SELL
PDD,2024-08-24 16:27:21,136.46,9748,SELL
PDD,2024-08-24 16:26:53,136.16,7991,SELL
PDD,2024-08-24 16:26:05,146.53,3884,BUY
PDD,2024-08-24 16:25:24,145.07,6724,BUY
PDD,2024-08-24 16:24:56,141.91,8104,BUY
PDD,2024-08-24 16:24:45,144.79,6425,SELL
PDD,2024-08-24 16:24:41,143.45,466,BUY
PDD,2024-08-24 16:23:47,146.35,4553,SELL
PDD,2024-08-24 16:23:00,146.27,2766,BUY
PDD,2024-08-24 16:22:44,141.69,6648,BUY
PDD,2024-08-24 16:22:27,134.36,6324,BUY
PDD,2024-08-24 16:21:54,138.94,2224,SELL
PDD,2024-08-24 16:21:42,143.28,6407,SELL
PDD,2024-08-24 16:21:36,134.84,4156,SELL
PDD,2024-08-24 16:21:10,136.74,3837,SELL
PDD,2024-08-24 16:20:11,145.33,4464,BUY
PDD,2024-08-24 16:20:08,142.94,3409,BUY
PDD,2024-08-24 16:19:33,142.96,1501,BUY
PDD,2024-08-24 16:19:23,139.69,3751,SELL
PDD,2024-08-24 16:18:30,136.94,3146,BUY
PDD,2024-08-24 16:17:46,138.57,2711,BUY
PDD,2024-08-24 16:16:52,140.3,6317,SELL
PDD,2024-08-24 16:16:50,144.13,6058,SELL
PDD,2024-08-24 16:16:00,142.88,1739,SELL
PDD,2024-08-24 16:15:43,140.24,7703,SELL
PDD,2024-08-24 16:14:54,134.06,9490,BUY
PDD,2024-08-24 16:14:31,143.03,1846,SELL
PDD,2024-08-24 16:14:29,133.53,8844,SELL
PDD,2024-08-24 16:14:20,138.74,1636,SELL
PDD,2024-08-24 16:14:07,139.43,1365,SELL
PDD,2024-08-24 16:13:49,134.05,5382,BUY
PDD,2024-08-24 16:13:19,139.33,6279,SELL
PDD,2024-08-24 16:12:39,141.41,2573,BUY
PDD,2024-08-24 16:11:53,143.54,6648,SELL
PDD,2024-08-24 16:11:38,142.61,3281,SELL
PDD,2024-08-24 16:11:06,134.79,1356,BUY
PDD,2024-08-24 16:10:11,135.44,1546,BUY
PDD,2024-08-24 16:09:50,138.43,6298,BUY
PDD,2024-08-24 16:09:32,146.61,1747,SELL
PDD,2024-08-24 16:08:32,133.51,8681,BUY
PDD,2024-08-24 16:08:22,134.65,8300,BUY
PDD,2024-08-24 16:07:38,143.2,55,BUY
PDD,2024-08-24 16:07:17,141.59,2033,SELL
PDD,2024-08-24 16:06:25,133.3,6610,SELL
PDD,2024-08-24 16:05:26,144.64,6589,SELL
PDD,2024-08-24 16:04:42,136.69,6312,BUY
PDD,2024-08-24 16:03:56,141.6,8067,SELL
PDD,2024-08-24 16:03:23,139.16,4085,BUY
PDD,2024-08-24 16:03:19,146.18,2352,BUY
PDD,2024-08-24 16:03:16,140.65,1578,BUY
PDD,2024-08-24 16:02:31,143.54,8179,BUY
PDD,2024-08-24 16:01:40,146.48,3401,BUY
PDD,2024-08-24 16:01:38,133.31,9194,BUY
PDD,2024-08-24 16:01:28,143.2,7553,SELL
PDD,2024-08-24 16:01:07,142.99,2334,SELL
PDD,2024-08-24 16:00:46,144.89,9806,SELL
PDD,2024-08-24 16:00:22,138.77,534,BUY
BIDU,2024-08-24 16:48:15,82.5,1528,BUY
BIDU,2024-08-24 16:47:52,89.94,7887,SELL
BIDU,2024-08-24 16:47:50,87.18,3591,SELL
BIDU,2024-08-24 16:46:58,87.19,7433,BUY
BIDU,2024-08-24 16:46:39,84.82,9354,BUY
BIDU,2024-08-24 16:45:56,89.31,4553,SELL
BIDU,2024-08-24 16:45:36,84.37,2012,SELL
BIDU,2024-08-24 16:44:48,82.54,3930,SELL
BIDU,2024-08-24 16:44:17,88.13,3531,BUY
BIDU,2024-08-24 16:44:06,85.4,7066,BUY
BIDU,2024-08-24 16:43:35,85.83,1816,BUY
BIDU,2024-08-24 16:42:46,89.56,2061,SELL
BIDU,2024-08-24 16:41:56,82.45,9234,SELL
BIDU,2024-08-24 16:41:14,86.09,5276,BUY
BIDU,2024-08-24 16:40:48,82.89,4082,SELL
BIDU,2024-08-24 16:40:03,87.82,9109,SELL
BIDU,2024-08-24 16:39:53,83.16,1959,SELL
BIDU,2024-08-24 16:39:45,88.42,8515,SELL
BIDU,2024-08-24 16:39:10,81.94,7652,SELL
BIDU,2024-08-24 16:38:54,86.11,5157,SELL
BIDU,2024-08-24 16:38:23,83.76,656,BUY
BIDU,2024-08-24 16:37:55,85.02,9110,SELL
BIDU,2024-08-24 16:37:45,88.71,1615,BUY
BIDU,2024-08-24 16:36:58,85.34,3613,BUY
BIDU,2024-08-24 16:36:26,83.98,5981,BUY
BIDU,2024-08-24 16:35:26,84.79,8325,BUY
BIDU,2024-08-24 16:35:13,82.78,953,BUY
BIDU,2024-08-24 16:34:15,86.5,788,SELL
BIDU,2024-08-24 16:34:07,87.52,3829,BUY
BIDU,2024-08-24 16:33:53,86.47,3376,SELL
BIDU,2024-08-24 16:33:46,85.17,7240,SELL
BIDU,2024-08-24 16:33:13,88.35,3536,SELL
BIDU,2024-08-24 16:33:09,87.01,2500,BUY
BIDU,2024-08-24 16:32:50,81.74,2852,SELL
BIDU,2024-08-24 16:32:32,89.06,5126,BUY
BIDU,2024-08-24 16:31:41,83.73,5954,SELL
BIDU,2024-08-24 16:30:47,85.27,9267,BUY
BIDU,2024-08-24 16:29:51,88.5,3995,SELL
BIDU,2024-08-24 16:29:20,87.34,701,BUY
BIDU,2024-08-24 16:28:41,87.74,6144,SELL
BIDU,2024-08-24 16:28:40,83.26,2382,SELL
BIDU,2024-08-24 16:27:41,84.8,6699,SELL
BIDU,2024-08-24 16:26:48,87.02,5854,BUY
BIDU,2024-08-24 16:25:49,81.68,3447,SELL
BIDU,2024-08-24 16:25:00,84.96,5413,BUY
BIDU,2024-08-24 16:24:29,84.79,6094,BUY
BIDU,2024-08-24 16:23:54,88.96,1685,BUY
BIDU,2024-08-24 16:23:51,82.33,8241,BUY
BIDU,2024-08-24 16:22:57,83.92,2581,BUY
BIDU,2024-08-24 16:22:15,86.57,3284,SELL
BIDU,2024-08-24 16:21:53,83.49,2270,BUY
BIDU,2024-08-24 16:21:01,87.45,7760,SELL
BIDU,2024-08-24 16:20:52,84.36,7770,SELL
BIDU,2024-08-24 16:20:06,84.44,5244,BUY
BIDU,2024-08-24 16:19:41,82.96,8332,BUY
BIDU,2024-08-24 16:18:42,86.01,3695,SELL
BIDU,2024-08-24 16:18:18,88.32,3628,SELL
BIDU,2024-08-24 16:17:20,86.06,8011,BUY
BIDU,2024-08-24 16:16:30,83.92,1433,BUY
BIDU,2024-08-24 16:16:06,81.74,690,SELL
BIDU,2024-08-24 16:16:00,84.84,2358,BUY
BIDU,2024-08-24 16:15:34,88.54,4335,BUY
BIDU,2024-08-24 16:15:13,89.81,6031,SELL
BIDU,2024-08-24 16:14:30,87.9,3052,BUY
BIDU,2024-08-24 16:14:22,84.48,9193,BUY
BIDU,2024-08-24 16:13:47,83.51,349,SELL
BIDU,2024-08-24 16:13:31,81.91,2108,BUY
BIDU,2024-08-24 16:13:22,83.36,727,BUY
BIDU,2024-08-24 16:13:16,84.39,8071,BUY
BIDU,2024-08-24 16:13:06,84.7,379,BUY
BIDU,2024-08-24 16:12:22,89.95,9193,BUY
BIDU,2024-08-24 16:11:53,89.26,2896,BUY
BIDU,2024-08-24 16:11:44,88.6,7955,BUY
BIDU,2024-08-24 16:10:52,85.1,1832,SELL
BIDU,2024-08-24 16:10:06,89.24,5172,SELL
BIDU,2024-08-24 16:10:00,89.69,9595,SELL
BIDU,2024-08-24 16:09:03,86.35,1545,BUY
BIDU,2024-08-24 16:08:12,85.18,9978,SELL
BIDU,2024-08-24 16:07:36,82.99,8916,BUY
BIDU,2024-08-24 16:07:30,82.56,171,SELL
BIDU,2024-08-24 16:06:48,84.12,2118,SELL
BIDU,2024-08-24 16:06:28,85.08,8165,BUY
BIDU,2024-08-24 16:05:55,85.2,7355,BUY
BIDU,2024-08-24 16:05:15,85.1,8803,BUY
BIDU,2024-08-24 16:04:45,89.77,9782,BUY
BIDU,2024-08-24 16:04:09,88.27,3786,SELL
BIDU,2024-08-24 16:03:57,84.72,8874,SELL
BIDU,2024-08-24 16:03:17,83.15,5002,SELL
BIDU,2024-08-24 16:02:54,85.88,5920,BUY
BIDU,2024-08-24 16:02:27,89.92,8004,SELL
BIDU,2024-08-24 16:01:57,84.91,4561,BUY
BIDU,2024-08-24 16:01:50,87.85,1605,SELL
BIDU,2024-08-24 16:01:22,89.03,4524,BUY
BIDU,2024-08-24 16:01:12,85.14,949,SELL
BIDU,2024-08-24 16:00:50,89.49,2167,BUY
BIDU,2024-08-24 16:00:00,88.72,8174,SELL
BIDU,2024-08-24 15:59:20,83.33,543,SELL
BIDU,2024-08-24 15:58:49,83.87,7900,SELL
BIDU,2024-08-24 15:57:53,86.07,3934,SELL
BIDU,2024-08-24 15:57:34,86.46,2501,SELL
NIO,2024-08-24 16:48:15,4.17,8304,SELL
NIO,2024-08-24 16:48:04,4.22,49,SELL
NIO,2024-08-24 16:47:17,4.2,7248,SELL
NIO,2024-08-24 16:46:47,4.14,5612,BUY
NIO,2024-08-24 16:46:26,4.12,9230,SELL
NIO,2024-08-24 16:45:45,4.06,3165,SELL
NIO,2024-08-24 16:44:47,4.28,5293,BUY
NIO,2024-08-24 16:44:07,4.18,7149,BUY
NIO,2024-08-24 16:43:41,4.2,210,SELL
NIO,2024-08-24 16:43:11,4.23,392,BUY
NIO,2024-08-24 16:42:48,3.99,2929,BUY
NIO,2024-08-24 16:42:01,4.05,789,SELL
NIO,2024-08-24 16:41:03,4.18,6395,SELL
NIO,2024-08-24 16:40:29,4.1,3555,BUY
NIO,2024-08-24 16:39:39,3.89,2137,BUY
NIO,2024-08-24 16:38:49,3.91,1507,SELL
NIO,2024-08-24 16:38:39,4.12,2681,BUY
NIO,2024-08-24 16:37:39,3.95,2488,BUY
NIO,2024-08-24 16:36:52,4.05,8140,BUY
NIO,2024-08-24 16:36:26,3.96,1269,BUY
NIO,2024-08-24 16:36:14,4.24,2336,SELL
NIO,2024-08-24 16:35:32,4.13,5739,BUY
NIO,2024-08-24 16:35:00,3.92,2657,SELL
NIO,2024-08-24 16:34:27,3.9,2148,SELL
NIO,2024-08-24 16:34:01,3.89,2492,BUY
NIO,2024-08-24 16:33:37,4.18,1587,SELL
NIO,2024-08-24 16:33:05,3.93,7289,SELL
NIO,2024-08-24 16:32:46,4.17,3856,SELL
NIO,2024-08-24 16:32:28,3.99,4343,BUY
NIO,2024-08-24 16:32:18,4.14,2973,SELL
NIO,2024-08-24 16:31:21,4.06,6889,SELL
NIO,2024-08-24 16:30:39,4.2,9182,BUY
NIO,2024-08-24 16:30:24,4.2,6093,SELL
NIO,2024-08-24 16:30:01,4.22,6293,SELL
NIO,2024-08-24 16:29:56,3.93,300,SELL
NIO,2024-08-24 16:28:57,4.2,5733,SELL
NIO,2024-08-24 16:28:56,4.01,5412,BUY
NIO,2024-08-24 16:28:29,4.26,7123,BUY
NIO,2024-08-24 16:27:54,3.95,3603,SELL
NIO,2024-08-24 16:27:12,4.06,8942,SELL
NIO,2024-08-24 16:26:17,3.9,7121,SELL
NIO,2024-08-24 16:25:57,4.1,2155,BUY
NIO,2024-08-24 16:25:27,3.95,1322,SELL
NIO,2024-08-24 16:24:49,4.21,4192,BUY
NIO,2024-08-24 16:24:46,4.2,2622,SELL
NIO,2024-08-24 16:24:20,3.94,7051,SELL
NIO,2024-08-24 16:24:04,3.88,430,BUY
NIO,2024-08-24 16:23:13,3.96,8854,BUY
NIO,2024-08-24 16:22:16,4.1,2631,SELL
NIO,2024-08-24 16:22:04,3.97,2798,BUY
NIO,2024-08-24 16:21:16,4.08,4891,BUY
NIO,2024-08-24 16:20:56,4.07,7889,BUY
NIO,2024-08-24 16:20:51,4.1,2583,BUY
NIO,2024-08-24 16:20:50,4.15,9207,SELL
NIO,2024-08-24 16:20:24,4.14,806,SELL
NIO,2024-08-24 16:19:58,4.26,4195,SELL
NIO,2024-08-24 16:19:38,4.11,9438,SELL
NIO,2024-08-24 16:18:39,3.88,6589,BUY
NIO,2024-08-24 16:18:38,4.04,3797,BUY
NIO,2024-08-24 16:17:58,3.89,1873,SELL
NIO,2024-08-24 16:17:51,4.23,2359,SELL
NIO,2024-08-24 16:17:23,4.07,4595,BUY
NIO,2024-08-24 16:17:07,3.89,6046,SELL
NIO,2024-08-24 16:16:48,4.04,4143,SELL
NIO,2024-08-24 16:16:05,4.09,8857,BUY
NIO,2024-08-24 16:15:22,4.02,2590,BUY
NIO,2024-08-24 16:14:39,4.17,6175,BUY
NIO,2024-08-24 16:13:42,4.17,914,BUY
NIO,2024-08-24 16:13:00,4.21,2504,SELL
NIO,2024-08-24 16:12:51,4.23,2584,SELL
NIO,2024-08-24 16:12:02,4.19,4417,BUY
NIO,2024-08-24 16:11:12,4.26,5458,BUY
NIO,2024-08-24 16:10:57,4.25,3225,BUY
NIO,2024-08-24 16:10:55,3.88,5258,BUY
NIO,2024-08-24 16:10:43,3.9,618,SELL
NIO,2024-08-24 16:10:16,4.06,8575,BUY
NIO,2024-08-24 16:10:10,3.94,418,BUY
NIO,2024-08-24 16:09:41,3.93,6070,BUY
NIO,2024-08-24 16:09:31,4.05,2507,BUY
NIO,2024-08-24 16:09:07,4.1,2298,BUY
NIO,2024-08-24 16:08:22,3.98,3075,BUY
NIO,2024-08-24 16:08:01,4.17,3910,BUY
NIO,2024-08-24 16:07:30,3.94,5257,BUY
NIO,2024-08-24 16:07:27,4.24,7720,SELL
NIO,2024-08-24 16:07:00,4.24,7245,BUY
NIO,2024-08-24 16:06:20,3.89,6334,SELL
NIO,2024-08-24 16:06:18,4.27,7946,SELL
NIO,2024-08-24 16:05:18,4.27,9815,BUY
NIO,2024-08-24 16:05:16,4.0,8530,SELL
NIO,2024-08-24 16:04:36,4.13,8420,SELL
NIO,2024-08-24 16:04:07,4.14,6687,BUY
NIO,2024-08-24 16:03:30,3.94,9784,BUY
NIO,2024-08-24 16:03:29,4.19,9054,BUY
NIO,2024-08-24 16:02:32,4.24,5602,SELL
NIO,2024-08-24 16:02:08,4.0,6671,SELL
NIO,2024-08-24 16:01:11,4.2,2704,SELL
NIO,2024-08-24 16:00:28,3.99,3004,SELL
NIO,2024-08-24 16:00:14,3.95,101,SELL
NIO,2024-08-24 15:59:36,4.28,1477,SELL
NIO,2024-08-24 15:59:06,3.89,8954,SELL
005930.KS,2024-08-24 16:48:16,78302.58,8930,SELL
005930.KS,2024-08-24 16:47:22,76672.31,2462,SELL
005930.KS,2024-08-24 16:47:15,79156.66,850,BUY
005930.KS,2024-08-24 16:46:46,75520.49,7390,BUY
005930.KS,2024-08-24 16:45:54,76007.96,9630,BUY
005930.KS,2024-08-24 16:45:06,75175.65,6635,SELL
005930.KS,2024-08-24 16:44:23,74267.1,7530,SELL
005930.KS,2024-08-24 16:43:28,79807.01,9802,SELL
005930.KS,2024-08-24 16:42:40,81323.14,9868,SELL
005930.KS,2024-08-24 16:42:34,79442.77,6323,SELL
005930.KS,2024-08-24 16:41:57,80026.31,4585,BUY
005930.KS,2024-08-24 16:41:38,76507.86,9215,BUY
005930.KS,2024-08-24 16:40:48,75162.54,1235,BUY
005930.KS,2024-08-24 16:40:05,77521.81,4153,BUY
005930.KS,2024-08-24 16:39:22,76459.62,6209,SELL
005930.KS,2024-08-24 16:39:04,77249.62,8494,SELL
005930.KS,2024-08-24 16:38:56,74652.26,797,SELL
005930.KS,2024-08-24 16:38:20,80798.77,7113,SELL
005930.KS,2024-08-24 16:37:24,79002.74,5496,BUY
005930.KS,2024-08-24 16:37:03,81372.03,4775,SELL
005930.KS,2024-08-24 16:36:52,78285.29,6601,SELL
005930.KS,2024-08-24 16:36:29,79278.73,6758,SELL
005930.KS,2024-08-24 16:35:35,79862.33,2316,BUY
005930.KS,2024-08-24 16:34:35,73924.38,7019,SELL
005930.KS,2024-08-24 16:33:45,80540.4,9797,SELL
005930.KS,2024-08-24 16:32:46,75586.54,4294,BUY
005930.KS,2024-08-24 16:32:37,77954.91,874,BUY
005930.KS,2024-08-24 16:32:18,79531.74,8990,SELL
005930.KS,2024-08-24 16:31:31,77192.07,4937,BUY
005930.KS,2024-08-24 16:31:12,80968.4,1281,BUY
005930.KS,2024-08-24 16:30:19,79770.22,1387,SELL
005930.KS,2024-08-24 16:29:29,74577.73,3293,SELL
005930.KS,2024-08-24 16:29:28,77939.63,8632,BUY
005930.KS,2024-08-24 16:28:39,74687.55,2207,SELL
005930.KS,2024-08-24 16:28:37,80607.49,1844,SELL
005930.KS,2024-08-24 16:28:06,76825.05,5703,BUY
005930.KS,2024-08-24 16:27:28,79138.27,7195,SELL
005930.KS,2024-08-24 16:26:40,75468.19,7575,SELL
005930.KS,2024-08-24 16:25:58,74491.8,5963,SELL
005930.KS,2024-08-24 16:25:00,75612.43,2945,SELL
005930.KS,2024-08-24 16:24:46,75518.57,2231,BUY
005930.KS,2024-08-24 16:24:26,78712.0,6915,BUY
005930.KS,2024-08-24 16:24:03,80441.01,8048,BUY
005930.KS,2024-08-24 16:23:53,75607.38,7348,BUY
005930.KS,2024-08-24 16:23:04,80567.82,9183,SELL
005930.KS,2024-08-24 16:22:07,80654.12,8972,BUY
005930.KS,2024-08-24 16:21:33,76474.88,6906,SELL
005930.KS,2024-08-24 16:21:20,77238.04,892,SELL
005930.KS,2024-08-24 16:20:45,76338.32,6624,SELL
005930.KS,2024-08-24 16:19:47,74800.24,5144,SELL
005930.KS,2024-08-24 16:18:49,78034.62,6684,BUY
005930.KS,2024-08-24 16:18:44,76979.41,7902,SELL
005930.KS,2024-08-24 16:18:26,77863.73,2595,SELL
005930.KS,2024-08-24 16:17:58,77978.57,3550,BUY
005930.KS,2024-08-24 16:17:08,78177.49,5268,BUY
005930.KS,2024-08-24 16:17:00,77960.79,9400,SELL
005930.KS,2024-08-24 16:16:11,75337.38,3746,BUY
005930.KS,2024-08-24 16:15:30,78995.8,4309,SELL
005930.KS,2024-08-24 16:15:29,74263.58,8218,SELL
005930.KS,2024-08-24 16:14:31,79299.63,7596,BUY
005930.KS,2024-08-24 16:14:21,75742.27,5805,BUY
005930.KS,2024-08-24 16:13:46,74440.67,9760,BUY
005930.KS,2024-08-24 16:13:02,77159.16,465,SELL
005930.KS,2024-08-24 16:12:05,75080.8,9594,SELL
005930.KS,2024-08-24 16:11:16,78730.12,3130,SELL
005930.KS,2024-08-24 16:11:12,78649.94,1835,BUY
005930.KS,2024-08-24 16:10:25,78687.52,2409,SELL
005930.KS,2024-08-24 16:09:40,76793.46,9832,BUY
005930.KS,2024-08-24 16:09:26,77269.86,2555,SELL
005930.KS,2024-08-24 16:09:06,73868.66,4576,BUY
005930.KS,2024-08-24 16:09:01,80763.53,3269,BUY
005930.KS,2024-08-24 16:08:03,74650.59,7276,BUY
005930.KS,2024-08-24 16:07:39,77414.87,2234,BUY
005930.KS,2024-08-24 16:06:47,77892.98,6907,SELL
005930.KS,2024-08-24 16:06:10,77492.88,6214,SELL
005930.KS,2024-08-24 16:05:25,78038.76,281,SELL
005930.KS,2024-08-24 16:04:36,80982.46,1746,BUY
005930.KS,2024-08-24 16:03:59,75537.38,5716,SELL
005930.KS,2024-08-24 16:03:25,80657.67,5562,BUY
005930.KS,2024-08-24 16:02:48,75346.53,2628,BUY
005930.KS,2024-08-24 16:02:15,80395.81,5556,BUY
005930.KS,2024-08-24 16:01:52,75382.76,2246,SELL
005930.KS,2024-08-24 16:01:07,75981.35,9022,BUY
005930.KS,2024-08-24 16:00:37,77309.63,5950,BUY
005930.KS,2024-08-24 15:59:40,80599.39,9017,BUY
005930.KS,2024-08-24 15:58:54,74641.34,923,BUY
005930.KS,2024-08-24 15:58:50,80914.98,1506,SELL
005930.KS,2024-08-24 15:58:06,77678.82,1744,SELL
005930.KS,2024-08-24 15:57:09,78509.01,9232,SELL
005930.KS,2024-08-24 15:56:16,79994.98,9549,SELL
005930.KS,2024-08-24 15:55:55,74939.17,2035,BUY
005930.KS,2024-08-24 15:55:12,81330.69,4725,SELL
005930.KS,2024-08-24 15:54:17,77070.19,6871,SELL
005930.KS,2024-08-24 15:53:43,80179.81,8024,BUY
005930.KS,2024-08-24 15:53:13,76496.22,4964,BUY
005930.KS,2024-08-24 15:52:18,78049.12,9231,SELL
005930.KS,2024-08-24 15:51:54,76028.46,1253,BUY
005930.KS,2024-08-24 15:51:37,78583.14,7596,BUY
005930.KS,2024-08-24 15:51:23,75020.37,1415,SELL
005930.KS,2024-08-24 15:50:33,76099.85,6688,BUY
000660.KS,2024-08-24 16:48:16,187021.29,51,SELL
000660.KS,2024-08-24 16:48:04,188219.67,6651,BUY
000660.KS,2024-08-24 16:47:08,184676.36,6841,BUY
000660.KS,2024-08-24 16:47:07,188579.1,9529,SELL
000660.KS,2024-08-24 16:46:29,186739.34,1730,BUY
000660.KS,2024-08-24 16:45:47,179002.95,7537,SELL
000660.KS,2024-08-24 16:45:14,184192.66,5721,SELL
000660.KS,2024-08-24 16:45:05,194671.85,3921,SELL
000660.KS,2024-08-24 16:44:48,191185.2,6209,SELL
000660.KS,2024-08-24 16:44:05,178433.02,2523,SELL
000660.KS,2024-08-24 16:43:08,185113.02,8211,SELL
000660.KS,2024-08-24 16:42:24,180075.42,9386,SELL
000660.KS,2024-08-24 16:41:34,179976.76,7236,BUY
000660.KS,2024-08-24 16:41:01,185677.7,6009,SELL
000660.KS,2024-08-24 16:40:23,178254.47,4585,SELL
000660.KS,2024-08-24 16:39:57,177220.16,3312,SELL
000660.KS,2024-08-24 16:38:58,191862.34,1868,BUY
000660.KS,2024-08-24 16:38:10,182493.02,2256,SELL
000660.KS,2024-08-24 16:37:15,193531.32,2881,BUY
000660.KS,2024-08-24 16:36:22,192725.41,6962,SELL
000660.KS,2024-08-24 16:35:29,182114.79,1190,SELL
000660.KS,2024-08-24 16:35:17,183396.32,2552,BUY
000660.KS,2024-08-24 16:34:41,177834.55,1869,BUY
000660.KS,2024-08-24 16:34:19,190629.96,4271,BUY
000660.KS,2024-08-24 16:33:51,178438.65,9234,SELL
000660.KS,2024-08-24 16:32:51,190582.92,2620,BUY
000660.KS,2024-08-24 16:32:17,185073.16,3268,SELL
000660.KS,2024-08-24 16:31:55,190589.92,1344,BUY
000660.KS,2024-08-24 16:31:49,182450.76,1579,SELL
000660.KS,2024-08-24 16:31:32,193062.5,8549,SELL
000660.KS,2024-08-24 16:31:03,180441.38,3549,SELL
000660.KS,2024-08-24 16:30:10,189883.13,1666,BUY
000660.KS,2024-08-24 16:29:50,185061.16,510,BUY
000660.KS,2024-08-24 16:29:02,181245.45,3286,BUY
000660.KS,2024-08-24 16:29:00,192620.93,6319,BUY
000660.KS,2024-08-24 16:28:41,189125.2,7353,BUY
000660.KS,2024-08-24 16:28:07,193960.07,4377,BUY
000660.KS,2024-08-24 16:28:02,193007.85,9908,SELL
000660.KS,2024-08-24 16:27:43,177828.52,8251,BUY
000660.KS,2024-08-24 16:26:53,176494.07,9989,SELL
000660.KS,2024-08-24 16:26:50,192087.32,7223,SELL
000660.KS,2024-08-24 16:26:10,190219.78,1614,BUY
000660.KS,2024-08-24 16:25:43,176397.61,4830,SELL
000660.KS,2024-08-24 16:25:24,183520.37,7336,SELL
000660.KS,2024-08-24 16:24:50,186474.28,2259,SELL
000660.KS,2024-08-24 16:24:47,192011.5,5993,SELL
000660.KS,2024-08-24 16:24:30,180253.75,7619,BUY
000660.KS,2024-08-24 16:23:38,193164.32,4285,BUY
000660.KS,2024-08-24 16:22:40,182459.02,476,BUY
000660.KS,2024-08-24 16:21:52,187221.57,1069,SELL
000660.KS,2024-08-24 16:21:49,179974.37,2918,SELL
000660.KS,2024-08-24 16:21:15,183115.95,9009,SELL
000660.KS,2024-08-24 16:20:23,184297.69,5133,BUY
000660.KS,2024-08-24 16:19:41,186824.91,8436,BUY
000660.KS,2024-08-24 16:19:06,193437.93,6129,SELL
000660.KS,2024-08-24 16:18:37,176983.93,5966,SELL
000660.KS,2024-08-24 16:17:53,181520.04,3440,SELL
000660.KS,2024-08-24 16:17:26,192105.93,2374,BUY
000660.KS,2024-08-24 16:16:56,181852.23,2813,BUY
000660.KS,2024-08-24 16:16:44,181871.52,1644,SELL
000660.KS,2024-08-24 16:15:48,194298.15,2601,SELL
000660.KS,2024-08-24 16:14:57,180259.57,1730,SELL
000660.KS,2024-08-24 16:14:17,190263.3,2342,SELL
000660.KS,2024-08-24 16:13:51,180794.03,3971,BUY
000660.KS,2024-08-24 16:13:07,176890.01,9580,BUY
000660.KS,2024-08-24 16:12:36,190388.74,5578,SELL
000660.KS,2024-08-24 16:11:57,184709.02,1088,BUY
000660.KS,2024-08-24 16:11:01,192171.5,5453,SELL
000660.KS,2024-08-24 16:10:57,177212.01,4714,BUY
000660.KS,2024-08-24 16:10:45,178426.61,4106,SELL
000660.KS,2024-08-24 16:10:18,187449.66,9324,BUY
000660.KS,2024-08-24 16:09:45,192551.95,8485,SELL
000660.KS,2024-08-24 16:09:19,194745.02,602,BUY
000660.KS,2024-08-24 16:09:03,183137.78,4395,BUY
000660.KS,2024-08-24 16:08:28,191214.94,6927,BUY
000660.KS,2024-08-24 16:07:31,184911.93,8969,SELL
000660.KS,2024-08-24 16:07:30,186197.83,7124,SELL
000660.KS,2024-08-24 16:06:40,188295.26,7198,SELL
000660.KS,2024-08-24 16:06:33,187922.18,7624,SELL
000660.KS,2024-08-24 16:05:52,194639.58,9385,BUY
000660.KS,2024-08-24 16:05:37,179904.67,3000,SELL
000660.KS,2024-08-24 16:04:50,179421.41,6377,SELL
000660.KS,2024-08-24 16:04:39,181644.83,5303,BUY
000660.KS,2024-08-24 16:04:16,180319.85,1073,BUY
000660.KS,2024-08-24 16:03:39,191507.18,6136,SELL
000660.KS,2024-08-24 16:02:57,179235.92,9366,BUY
000660.KS,2024-08-24 16:02:25,184575.2,6759,BUY
000660.KS,2024-08-24 16:01:40,179591.05,3165,SELL
000660.KS,2024-08-24 16:01:12,177407.54,655,BUY
000660.KS,2024-08-24 16:00:43,188569.85,8489,SELL
000660.KS,2024-08-24 16:00:37,194541.39,4499,BUY
000660.KS,2024-08-24 16:00:28,190399.42,9370,BUY
000660.KS,2024-08-24 16:00:18,176699.41,6565,SELL
000660.KS,2024-08-24 15:59:49,184875.58,6287,BUY
000660.KS,2024-08-24 15:58:57,187676.0,5565,SELL
000660.KS,2024-08-24 15:58:18,180899.47,9108,SELL
000660.KS,2024-08-24 15:58:08,179443.57,4246,BUY
000660.KS,2024-08-24 15:57:26,176474.67,2384,SELL
000660.KS,2024-08-24 15:57:11,176460.79,3028,BUY
000660.KS,2024-08-24 15:56:24,181600.73,4059,SELL
035420.KS,2024-08-24 16:48:16,170064.16,9337,SELL
035420.KS,2024-08-24 16:48:08,162640.6,5414,BUY
035420.KS,2024-08-24 16:47:08,169826.54,9874,BUY
035420.KS,2024-08-24 16:46:18,161056.83,3634,SELL
035420.KS,2024-08-24 16:45:43,172100.07,3459,SELL
035420.KS,2024-08-24 16:45:31,167534.49,3492,BUY
035420.KS,2024-08-24 16:44:53,157707.06,853,SELL
035420.KS,2024-08-24 16:43:58,165490.87,6633,SELL
035420.KS,2024-08-24 16:43:05,164951.71,4759,SELL
035420.KS,2024-08-24 16:42:05,161289.36,2423,BUY
035420.KS,2024-08-24 16:41:05,170467.69,6031,SELL
035420.KS,2024-08-24 16:40:15,166138.05,3714,SELL
035420.KS,2024-08-24 16:39:18,162398.86,1220,BUY
035420.KS,2024-08-24 16:38:35,163224.45,8105,BUY
035420.KS,2024-08-24 16:37:48,170799.02,225,SELL
035420.KS,2024-08-24 16:37:13,158481.85,1394,SELL
035420.KS,2024-08-24 16:36:35,169310.04,1834,BUY
035420.KS,2024-08-24 16:36:31,160286.16,3681,BUY
035420.KS,2024-08-24 16:36:12,167110.4,6510,BUY
035420.KS,2024-08-24 16:35:47,172673.43,6258,SELL
035420.KS,2024-08-24 16:35:34,171720.59,2306,BUY
035420.KS,2024-08-24 16:34:52,158418.57,9513,BUY
035420.KS,2024-08-24 16:34:36,159337.08,1484,SELL
035420.KS,2024-08-24 16:33:44,164098.64,8043,SELL
035420.KS,2024-08-24 16:33:02,163695.23,1432,BUY
035420.KS,2024-08-24 16:32:56,159183.8,9153,SELL
035420.KS,2024-08-24 16:31:56,171842.7,4780,SELL
035420.KS,2024-08-24 16:30:58,164910.07,7295,SELL
035420.KS,2024-08-24 16:30:40,170329.31,3047,SELL
035420.KS,2024-08-24 16:30:36,162072.48,3980,SELL
035420.KS,2024-08-24 16:30:08,172458.53,6371,BUY
035420.KS,2024-08-24 16:29:49,162794.38,7509,BUY
035420.KS,2024-08-24 16:29:44,169375.83,6522,SELL
035420.KS,2024-08-24 16:28:57,169076.46,793,BUY
035420.KS,2024-08-24 16:28:25,166383.52,5973,SELL
035420.KS,2024-08-24 16:28:02,166095.27,2401,SELL
035420.KS,2024-08-24 16:27:04,163850.17,4578,BUY
035420.KS,2024-08-24 16:26:37,161242.49,5546,BUY
035420.KS,2024-08-24 16:25:49,171172.37,1861,SELL
035420.KS,2024-08-24 16:24:50,164618.53,3786,BUY
035420.KS,2024-08-24 16:23:57,165962.03,5207,BUY
035420.KS,2024-08-24 16:23:34,157658.02,9644,SELL
035420.KS,2024-08-24 16:23:05,170928.96,164,BUY
035420.KS,2024-08-24 16:22:13,166672.94,520,BUY
035420.KS,2024-08-24 16:21:35,158653.22,5302,SELL
035420.KS,2024-08-24 16:20:45,159586.35,3408,BUY
035420.KS,2024-08-24 16:20:01,167490.72,1625,BUY
035420.KS,2024-08-24 16:19:39,159702.62,2249,BUY
035420.KS,2024-08-24 16:19:01,162299.34,6650,SELL
035420.KS,2024-08-24 16:18:37,161261.07,6942,SELL
035420.KS,2024-08-24 16:17:57,165889.95,2260,SELL
035420.KS,2024-08-24 16:17:20,163362.24,399,BUY
035420.KS,2024-08-24 16:16:47,164451.3,2388,SELL
035420.KS,2024-08-24 16:16:17,169393.24,7166,SELL
035420.KS,2024-08-24 16:15:39,159070.59,302,BUY
035420.KS,2024-08-24 16:15:03,158599.9,7940,BUY
035420.KS,2024-08-24 16:14:15,172519.3,2974,SELL
035420.KS,2024-08-24 16:13:20,166880.38,6104,SELL
035420.KS,2024-08-24 16:12:48,168373.92,2734,SELL
035420.KS,2024-08-24 16:12:42,165735.14,917,BUY
035420.KS,2024-08-24 16:12:24,172893.84,6897,BUY
035420.KS,2024-08-24 16:11:25,169243.17,465,SELL
035420.KS,2024-08-24 16:11:11,172558.22,6581,BUY
035420.KS,2024-08-24 16:10:19,159411.34,7135,BUY
035420.KS,2024-08-24 16:10:07,164079.73,2134,SELL
035420.KS,2024-08-24 16:09:21,160929.13,7556,BUY
035420.KS,2024-08-24 16:08:48,162969.98,5889,SELL
035420.KS,2024-08-24 16:08:19,172708.11,8916,SELL
035420.KS,2024-08-24 16:08:03,168302.48,2683,BUY
035420.KS,2024-08-24 16:07:25,166446.08,2334,SELL
035420.KS,2024-08-24 16:06:38,170056.55,755,SELL
035420.KS,2024-08-24 16:05:53,159736.25,102,SELL
035420.KS,2024-08-24 16:05:50,158191.24,4162,BUY
035420.KS,2024-08-24 16:05:28,165493.15,4702,SELL
035420.KS,2024-08-24 16:04:40,158066.26,9108,SELL
035420.KS,2024-08-24 16:04:28,167189.22,4569,BUY
035420.KS,2024-08-24 16:03:54,162338.72,8312,BUY
035420.KS,2024-08-24 16:03:09,160206.42,2941,BUY
035420.KS,2024-08-24 16:02:54,170096.53,4256,BUY
035420.KS,2024-08-24 16:01:57,170239.35,7080,BUY
035420.KS,2024-08-24 16:01:26,166905.87,1759,SELL
035420.KS,2024-08-24 16:00:35,165798.87,9862,BUY
035420.KS,2024-08-24 15:59:42,172110.99,9425,BUY
035420.KS,2024-08-24 15:59:20,167615.46,515,BUY
035420.KS,2024-08-24 15:58:57,172038.25,2551,BUY
035420.KS,2024-08-24 15:58:54,158306.02,5323,SELL
035420.KS,2024-08-24 15:58:51,166023.13,655,SELL
035420.KS,2024-08-24 15:58:20,166419.71,923,SELL
035420.KS,2024-08-24 15:57:43,167068.01,6721,BUY
035420.KS,2024-08-24 15:56:54,170859.22,9828,SELL
035420.KS,2024-08-24 15:56:43,158822.9,9781,SELL
035420.KS,2024-08-24 15:56:15,157663.22,6576,SELL
035420.KS,2024-08-24 15:56:05,168143.0,8131,SELL
035420.KS,2024-08-24 15:55:54,159207.81,6853,BUY
035420.KS,2024-08-24 15:55:42,167708.24,4975,BUY
035420.KS,2024-08-24 15:55:34,170043.88,2268,SELL
035420.KS,2024-08-24 15:54:40,164884.32,2011,BUY
035420.KS,2024-08-24 15:53:47,159172.13,9652,BUY
035420.KS,2024-08-24 15:53:17,172831.97,9115,SELL
035420.KS,2024-08-24 15:52:31,172124.8,7161,BUY
TTE,2024-08-24 16:48:16,70.82,501,SELL
TTE,2024-08-24 16:47:35,71.5,8440,SELL
TTE,2024-08-24 16:47:32,72.56,6610,BUY
TTE,2024-08-24 16:47:28,71.99,6373,SELL
TTE,2024-08-24 16:46:54,70.89,4785,BUY
TTE,2024-08-24 16:46:38,67.75,9608,BUY
TTE,2024-08-24 16:45:43,68.97,2695,SELL
TTE,2024-08-24 16:45:30,68.85,1153,BUY
TTE,2024-08-24 16:45:13,71.18,2907,SELL
TTE,2024-08-24 16:44:39,70.62,7872,BUY
TTE,2024-08-24 16:43:40,68.56,6996,BUY
TTE,2024-08-24 16:42:41,68.84,6636,BUY
TTE,2024-08-24 16:42:18,70.69,8105,SELL
TTE,2024-08-24 16:42:09,67.79,6047,BUY
TTE,2024-08-24 16:41:32,69.08,1811,BUY
TTE,2024-08-24 16:40:54,68.08,7131,SELL
TTE,2024-08-24 16:40:25,70.56,6945,BUY
TTE,2024-08-24 16:40:18,70.46,2211,BUY
TTE,2024-08-24 16:39:22,71.31,1202,BUY
TTE,2024-08-24 16:39:00,72.15,2030,BUY
TTE,2024-08-24 16:38:53,72.08,3746,SELL
TTE,2024-08-24 16:38:37,70.98,65,BUY
TTE,2024-08-24 16:38:02,68.4,7953,SELL
TTE,2024-08-24 16:37:17,71.0,8688,BUY
TTE,2024-08-24 16:37:16,68.37,8635,BUY
TTE,2024-08-24 16:36:58,68.01,1526,BUY
TTE,2024-08-24 16:36:47,70.5,4933,SELL
TTE,2024-08-24 16:36:21,67.51,9418,BUY
TTE,2024-08-24 16:35:46,66.47,9753,BUY
TTE,2024-08-24 16:34:46,71.32,5601,SELL
TTE,2024-08-24 16:34:01,72.82,1622,BUY
TTE,2024-08-24 16:33:43,68.55,9916,BUY
TTE,2024-08-24 16:32:57,72.65,1260,BUY
TTE,2024-08-24 16:32:29,68.56,170,BUY
TTE,2024-08-24 16:31:54,68.02,3097,BUY
TTE,2024-08-24 16:31:26,72.96,7150,BUY
TTE,2024-08-24 16:31:10,68.24,1696,SELL
TTE,2024-08-24 16:30:27,69.97,7960,BUY
TTE,2024-08-24 16:29:49,69.2,1318,BUY
TTE,2024-08-24 16:29:02,67.57,3258,SELL
TTE,2024-08-24 16:28:03,67.23,1570,BUY
TTE,2024-08-24 16:27:40,72.7,6249,SELL
TTE,2024-08-24 16:26:44,67.24,7195,SELL
TTE,2024-08-24 16:26:00,72.26,1688,BUY
TTE,2024-08-24 16:25:42,72.61,6374,BUY
TTE,2024-08-24 16:24:55,68.42,9270,BUY
TTE,2024-08-24 16:24:35,70.17,7353,SELL
TTE,2024-08-24 16:24:08,69.49,2892,SELL
TTE,2024-08-24 16:23:18,67.55,7060,BUY
TTE,2024-08-24 16:22:54,72.8,8817,BUY
TTE,2024-08-24 16:22:42,67.59,4104,SELL
TTE,2024-08-24 16:22:26,72.01,8502,BUY
TTE,2024-08-24 16:21:58,73.21,4311,BUY
TTE,2024-08-24 16:21:06,66.31,2982,BUY
TTE,2024-08-24 16:20:14,66.26,1358,BUY
TTE,2024-08-24 16:19:42,67.37,1843,BUY
TTE,2024-08-24 16:19:19,67.62,4745,SELL
TTE,2024-08-24 16:19:01,68.89,327,BUY
TTE,2024-08-24 16:18:29,71.21,2142,BUY
TTE,2024-08-24 16:18:09,68.63,3523,BUY
TTE,2024-08-24 16:18:00,70.94,7302,BUY
TTE,2024-08-24 16:17:01,70.86,5082,SELL
TTE,2024-08-24 16:16:19,67.05,8167,BUY
TTE,2024-08-24 16:15:58,72.74,6203,SELL
TTE,2024-08-24 16:15:16,70.3,8645,BUY
TTE,2024-08-24 16:14:44,67.05,5818,SELL
TTE,2024-08-24 16:13:47,71.47,4197,SELL
TTE,2024-08-24 16:12:58,72.28,3783,BUY
TTE,2024-08-24 16:12:48,72.22,6634,BUY
TTE,2024-08-24 16:12:26,68.56,6377,BUY
TTE,2024-08-24 16:12:10,69.4,7104,SELL
TTE,2024-08-24 16:11:17,67.11,7387,SELL
TTE,2024-08-24 16:10:53,71.42,6262,SELL
TTE,2024-08-24 16:10:50,66.46,1006,SELL
TTE,2024-08-24 16:10:42,67.23,6402,BUY
TTE,2024-08-24 16:09:54,71.37,1793,SELL
TTE,2024-08-24 16:09:25,72.59,9912,SELL
TTE,2024-08-24 16:09:24,72.31,7480,SELL
TTE,2024-08-24 16:08:27,68.33,3179,SELL
TTE,2024-08-24 16:08:23,72.18,3164,BUY
TTE,2024-08-24 16:08:14,72.29,7927,BUY
TTE,2024-08-24 16:07:19,72.27,8001,BUY
TTE,2024-08-24 16:06:28,67.49,3063,BUY
TTE,2024-08-24 16:06:26,71.27,4780,SELL
TTE,2024-08-24 16:05:40,66.69,5896,BUY
TTE,2024-08-24 16:05:14,70.91,7498,SELL
TTE,2024-08-24 16:04:32,68.83,3238,BUY
TTE,2024-08-24 16:04:04,67.68,9429,SELL
TTE,2024-08-24 16:03:39,68.76,4898,BUY
TTE,2024-08-24 16:03:01,68.81,9385,BUY
TTE,2024-08-24 16:02:34,72.1,8242,SELL
TTE,2024-08-24 16:02:07,66.37,1650,SELL
TTE,2024-08-24 16:01:17,66.93,9574,BUY
TTE,2024-08-24 16:00:18,66.9,5959,BUY
TTE,2024-08-24 16:00:11,70.06,473,BUY
TTE,2024-08-24 15:59:25,69.74,3396,SELL
TTE,2024-08-24 15:58:40,67.14,511,SELL
TTE,2024-08-24 15:58:00,73.07,6604,BUY
TTE,2024-08-24 15:57:47,72.3,450,BUY
TTE,2024-08-24 15:57:09,66.99,3098,SELL
LVMUY,2024-08-24 16:48:16,150.68,1639,SELL
LVMUY,2024-08-24 16:47:56,149.69,5872,SELL
LVMUY,2024-08-24 16:47:54,151.58,5418,SELL
LVMUY,2024-08-24 16:47:03,145.22,3320,SELL
LVMUY,2024-08-24 16:46:03,148.91,7035,SELL
LVMUY,2024-08-24 16:46:00,149.63,1195,BUY
LVMUY,2024-08-24 16:45:40,148.48,2585,BUY
LVMUY,2024-08-24 16:45:37,153.61,1165,BUY
LVMUY,2024-08-24 16:45:11,154.06,8437,SELL
LVMUY,2024-08-24 16:44:57,151.7,8073,SELL
LVMUY,2024-08-24 16:44:14,151.95,4703,BUY
LVMUY,2024-08-24 16:44:12,151.48,6003,BUY
LVMUY,2024-08-24 16:43:51,156.78,7208,BUY
LVMUY,2024-08-24 16:43:04,154.11,8895,BUY
LVMUY,2024-08-24 16:42:49,150.92,1599,SELL
LVMUY,2024-08-24 16:42:22,146.3,2979,SELL
LVMUY,2024-08-24 16:41:51,154.82,3336,BUY
LVMUY,2024-08-24 16:41:49,154.97,1858,SELL
LVMUY,2024-08-24 16:41:16,148.11,7536,BUY
LVMUY,2024-08-24 16:40:16,155.36,760,SELL
LVMUY,2024-08-24 16:39:58,148.36,473,BUY
LVMUY,2024-08-24 16:39:16,147.2,7867,BUY
LVMUY,2024-08-24 16:38:56,146.89,1933,BUY
LVMUY,2024-08-24 16:38:49,156.76,5188,SELL
LVMUY,2024-08-24 16:38:42,149.18,3047,SELL
LVMUY,2024-08-24 16:37:56,154.94,9070,BUY
LVMUY,2024-08-24 16:37:36,153.54,4394,SELL
LVMUY,2024-08-24 16:37:03,148.35,6265,BUY
LVMUY,2024-08-24 16:36:47,158.9,3124,BUY
LVMUY,2024-08-24 16:36:15,150.99,6262,SELL
LVMUY,2024-08-24 16:35:34,151.95,9173,SELL
LVMUY,2024-08-24 16:35:01,150.34,8723,SELL
LVMUY,2024-08-24 16:34:15,154.35,7221,BUY
LVMUY,2024-08-24 16:34:02,146.33,6634,SELL
LVMUY,2024-08-24 16:33:52,147.19,8018,BUY
LVMUY,2024-08-24 16:33:10,149.12,6254,BUY
LVMUY,2024-08-24 16:32:26,151.41,6637,SELL
LVMUY,2024-08-24 16:31:52,147.7,9320,BUY
LVMUY,2024-08-24 16:31:22,145.56,5437,BUY
LVMUY,2024-08-24 16:30:51,145.98,3233,SELL
LVMUY,2024-08-24 16:30:29,145.96,9699,BUY
LVMUY,2024-08-24 16:30:21,158.24,9231,SELL
LVMUY,2024-08-24 16:30:13,155.1,5221,SELL
LVMUY,2024-08-24 16:30:05,151.71,8197,SELL
LVMUY,2024-08-24 16:29:33,146.87,7436,SELL
LVMUY,2024-08-24 16:28:55,151.43,222,BUY
LVMUY,2024-08-24 16:28:13,157.0,5294,BUY
LVMUY,2024-08-24 16:27:50,153.64,6929,BUY
LVMUY,2024-08-24 16:27:05,150.03,4614,BUY
LVMUY,2024-08-24 16:26:53,154.3,17,SELL
LVMUY,2024-08-24 16:25:54,150.69,56,BUY
LVMUY,2024-08-24 16:25:10,150.32,5463,SELL
LVMUY,2024-08-24 16:24:25,149.99,8351,BUY
LVMUY,2024-08-24 16:23:33,155.11,6117,BUY
LVMUY,2024-08-24 16:22:55,157.71,1090,BUY
LVMUY,2024-08-24 16:22:44,156.48,2033,SELL
LVMUY,2024-08-24 16:22:21,146.03,7956,SELL
LVMUY,2024-08-24 16:22:20,154.27,7175,BUY
LVMUY,2024-08-24 16:21:29,157.01,4206,BUY
LVMUY,2024-08-24 16:20:29,152.36,3334,SELL
LVMUY,2024-08-24 16:20:22,146.08,8543,SELL
LVMUY,2024-08-24 16:19:44,153.06,4565,BUY
LVMUY,2024-08-24 16:19:12,156.23,9154,BUY
LVMUY,2024-08-24 16:18:56,151.2,1024,BUY
LVMUY,2024-08-24 16:18:33,146.3,6030,SELL
LVMUY,2024-08-24 16:18:29,145.35,7804,SELL
LVMUY,2024-08-24 16:18:06,151.13,8525,BUY
LVMUY,2024-08-24 16:17:46,156.9,498,SELL
LVMUY,2024-08-24 16:16:49,149.87,12,BUY
LVMUY,2024-08-24 16:16:41,159.56,3551,BUY
LVMUY,2024-08-24 16:16:00,147.14,4404,BUY
LVMUY,2024-08-24 16:15:44,147.64,4084,SELL
LVMUY,2024-08-24 16:15:32,155.52,5055,SELL
LVMUY,2024-08-24 16:14:52,145.81,4631,BUY
LVMUY,2024-08-24 16:14:01,155.89,3501,BUY
LVMUY,2024-08-24 16:13:45,150.9,9611,BUY
LVMUY,2024-08-24 16:13:21,153.77,3615,BUY
LVMUY,2024-08-24 16:12:39,150.78,9042,SELL
LVMUY,2024-08-24 16:11:57,146.43,9038,SELL
LVMUY,2024-08-24 16:11:48,148.36,7550,BUY
LVMUY,2024-08-24 16:11:15,147.91,1438,BUY
LVMUY,2024-08-24 16:10:56,145.88,6684,SELL
LVMUY,2024-08-24 16:10:07,157.56,4081,SELL
LVMUY,2024-08-24 16:09:10,155.85,6680,BUY
LVMUY,2024-08-24 16:08:45,147.38,5371,SELL
LVMUY,2024-08-24 16:08:40,157.38,8944,BUY
LVMUY,2024-08-24 16:08:00,146.64,3846,SELL
LVMUY,2024-08-24 16:07:16,151.54,9308,BUY
LVMUY,2024-08-24 16:06:24,151.23,3813,SELL
LVMUY,2024-08-24 16:06:01,146.37,6770,BUY
LVMUY,2024-08-24 16:05:42,157.87,1502,BUY
LVMUY,2024-08-24 16:04:56,158.67,1073,SELL
LVMUY,2024-08-24 16:04:37,153.59,4890,SELL
LVMUY,2024-08-24 16:04:07,151.14,9627,SELL
LVMUY,2024-08-24 16:03:24,153.72,6371,SELL
LVMUY,2024-08-24 16:02:56,148.14,67,SELL
LVMUY,2024-08-24 16:02:31,157.91,8426,BUY
LVMUY,2024-08-24 16:02:11,146.35,4038,SELL
LVMUY,2024-08-24 16:01:43,157.04,7558,BUY
LVMUY,2024-08-24 16:01:18,157.61,8901,BUY
OR.PA,2024-08-24 16:48:16,397.91,1371,BUY
OR.PA,2024-08-24 16:47:58,394.87,401,SELL
OR.PA,2024-08-24 16:47:25,399.16,9455,BUY
OR.PA,2024-08-24 16:46:56,400.31,625,BUY
OR.PA,2024-08-24 16:46:41,380.74,5740,SELL
OR.PA,2024-08-24 16:45:49,395.58,9303,BUY
OR.PA,2024-08-24 16:45:28,410.1,675,SELL
OR.PA,2024-08-24 16:45:17,384.72,3508,BUY
OR.PA,2024-08-24 16:44:39,395.94,4874,BUY
OR.PA,2024-08-24 16:44:25,387.81,5929,BUY
OR.PA,2024-08-24 16:43:59,392.97,1540,BUY
OR.PA,2024-08-24 16:43:19,404.44,9518,BUY
OR.PA,2024-08-24 16:42:38,381.16,7396,SELL
OR.PA,2024-08-24 16:41:48,390.46,411,BUY
OR.PA,2024-08-24 16:40:58,393.86,4338,BUY
OR.PA,2024-08-24 16:40:34,382.6,1281,SELL
OR.PA,2024-08-24 16:39:54,384.7,1014,SELL
OR.PA,2024-08-24 16:39:01,393.8,1902,BUY
OR.PA,2024-08-24 16:38:28,388.44,7514,BUY
OR.PA,2024-08-24 16:37:35,405.93,6016,SELL
OR.PA,2024-08-24 16:36:50,410.74,8096,BUY
OR.PA,2024-08-24 16:35:52,399.33,4953,SELL
OR.PA,2024-08-24 16:35:19,390.15,2510,BUY
OR.PA,2024-08-24 16:34:50,401.71,9552,SELL
OR.PA,2024-08-24 16:34:03,384.57,5682,SELL
OR.PA,2024-08-24 16:33:19,406.4,624,SELL
OR.PA,2024-08-24 16:32:23,380.01,5457,SELL
OR.PA,2024-08-24 16:31:41,403.02,3287,SELL
OR.PA,2024-08-24 16:30:45,406.41,8543,BUY
OR.PA,2024-08-24 16:30:44,394.99,2856,BUY
OR.PA,2024-08-24 16:30:17,393.42,7630,BUY
OR.PA,2024-08-24 16:29:50,394.21,3132,BUY
OR.PA,2024-08-24 16:28:58,383.39,7232,BUY
OR.PA,2024-08-24 16:28:29,396.49,2648,BUY
OR.PA,2024-08-24 16:27:53,385.21,2765,SELL
OR.PA,2024-08-24 16:27:01,406.01,348,BUY
OR.PA,2024-08-24 16:26:42,404.82,8947,BUY
OR.PA,2024-08-24 16:26:07,413.61,438,BUY
OR.PA,2024-08-24 16:25:20,395.73,5848,BUY
OR.PA,2024-08-24 16:24:55,400.22,2552,SELL
OR.PA,2024-08-24 16:24:23,411.38,5755,SELL
OR.PA,2024-08-24 16:24:11,378.51,9309,SELL
OR.PA,2024-08-24 16:23:30,400.96,6227,SELL
OR.PA,2024-08-24 16:23:02,395.51,8917,BUY
OR.PA,2024-08-24 16:22:47,404.2,4255,SELL
OR.PA,2024-08-24 16:22:13,391.69,6829,SELL
OR.PA,2024-08-24 16:22:07,382.17,6496,SELL
OR.PA,2024-08-24 16:22:02,380.64,6724,SELL
OR.PA,2024-08-24 16:21:27,392.59,4693,SELL
OR.PA,2024-08-24 16:20:37,387.02,3318,SELL
OR.PA,2024-08-24 16:19:44,387.26,312,SELL
OR.PA,2024-08-24 16:18:51,411.62,8953,SELL
OR.PA,2024-08-24 16:17:59,389.2,233,SELL
OR.PA,2024-08-24 16:17:01,380.23,287,SELL
OR.PA,2024-08-24 16:16:08,398.94,7529,SELL
OR.PA,2024-08-24 16:15:21,382.06,9664,SELL
OR.PA,2024-08-24 16:14:38,413.75,5659,BUY
OR.PA,2024-08-24 16:13:59,409.39,1028,BUY
OR.PA,2024-08-24 16:13:33,406.82,3384,SELL
OR.PA,2024-08-24 16:13:32,400.17,9523,BUY
OR.PA,2024-08-24 16:12:59,384.27,7840,BUY
OR.PA,2024-08-24 16:12:36,404.64,4909,BUY
OR.PA,2024-08-24 16:11:52,398.13,2811,SELL
OR.PA,2024-08-24 16:11:00,409.92,3814,SELL
OR.PA,2024-08-24 16:10:03,384.41,7686,SELL
OR.PA,2024-08-24 16:09:51,403.65,2908,BUY
OR.PA,2024-08-24 16:09:42,398.03,9728,SELL
OR.PA,2024-08-24 16:09:15,404.18,1361,BUY
OR.PA,2024-08-24 16:08:44,412.79,9013,SELL
OR.PA,2024-08-24 16:08:11,401.13,294,BUY
OR.PA,2024-08-24 16:08:10,375.93,7379,SELL
OR.PA,2024-08-24 16:07:16,389.41,2440,BUY
OR.PA,2024-08-24 16:06:54,375.72,3010,BUY
OR.PA,2024-08-24 16:06:14,394.63,1131,SELL
OR.PA,2024-08-24 16:06:00,413.62,6514,SELL
OR.PA,2024-08-24 16:05:07,405.23,4833,BUY
OR.PA,2024-08-24 16:04:44,401.91,3676,SELL
OR.PA,2024-08-24 16:03:46,394.62,9782,BUY
OR.PA,2024-08-24 16:03:14,403.72,779,SELL
OR.PA,2024-08-24 16:02:32,391.11,8901,BUY
OR.PA,2024-08-24 16:02:10,387.48,3628,BUY
OR.PA,2024-08-24 16:01:33,405.56,3885,SELL
OR.PA,2024-08-24 16:00:46,393.41,8818,SELL
OR.PA,2024-08-24 16:00:39,386.23,2978,SELL
OR.PA,2024-08-24 16:00:02,411.99,2016,BUY
OR.PA,2024-08-24 15:59:33,396.56,6170,SELL
OR.PA,2024-08-24 15:59:10,392.7,6928,BUY
OR.PA,2024-08-24 15:58:49,383.78,7710,SELL
OR.PA,2024-08-24 15:58:28,410.72,8571,BUY
OR.PA,2024-08-24 15:58:05,400.54,7954,SELL
OR.PA,2024-08-24 15:57:52,374.81,7291,SELL
OR.PA,2024-08-24 15:57:25,389.31,1101,BUY
OR.PA,2024-08-24 15:56:27,409.56,4903,SELL
OR.PA,2024-08-24 15:56:18,377.12,7725,SELL
OR.PA,2024-08-24 15:56:07,388.65,6151,BUY
OR.PA,2024-08-24 15:55:28,393.36,4576,SELL
OR.PA,2024-08-24 15:54:49,397.62,5542,BUY
OR.PA,2024-08-24 15:54:41,402.03,4036,SELL
OR.PA,2024-08-24 15:54:28,409.58,1761,BUY
OR.PA,2024-08-24 15:54:19,384.42,2872,BUY
SAN.PA,2024-08-24 16:48:17,102.22,347,SELL
SAN.PA,2024-08-24 16:47:37,100.34,2394,SELL
SAN.PA,2024-08-24 16:47:32,100.22,9397,BUY
SAN.PA,2024-08-24 16:46:54,95.74,550,SELL
SAN.PA,2024-08-24 16:46:39,99.25,4265,SELL
SAN.PA,2024-08-24 16:46:31,102.95,3383,BUY
SAN.PA,2024-08-24 16:46:15,95.69,1231,BUY
SAN.PA,2024-08-24 16:45:29,99.41,5521,SELL
SAN.PA,2024-08-24 16:45:11,100.34,7646,SELL
SAN.PA,2024-08-24 16:44:52,95.53,2092,BUY
SAN.PA,2024-08-24 16:44:15,103.5,2784,BUY
SAN.PA,2024-08-24 16:43:17,98.34,258,SELL
SAN.PA,2024-08-24 16:42:49,104.59,8273,BUY
SAN.PA,2024-08-24 16:42:11,100.06,4022,SELL
SAN.PA,2024-08-24 16:41:42,96.92,1425,SELL
SAN.PA,2024-08-24 16:41:20,102.53,6367,BUY
SAN.PA,2024-08-24 16:40:32,104.75,4377,BUY
SAN.PA,2024-08-24 16:40:15,105.35,8033,BUY
SAN.PA,2024-08-24 16:39:49,96.67,699,SELL
SAN.PA,2024-08-24 16:39:44,103.15,4854,BUY
SAN.PA,2024-08-24 16:39:29,100.75,8997,BUY
SAN.PA,2024-08-24 16:39:09,98.17,1899,BUY
SAN.PA,2024-08-24 16:38:38,102.91,9678,BUY
SAN.PA,2024-08-24 16:38:32,97.73,2293,BUY
SAN.PA,2024-08-24 16:38:31,101.83,9519,SELL
SAN.PA,2024-08-24 16:37:34,104.81,2947,SELL
SAN.PA,2024-08-24 16:37:25,95.45,4758,SELL
SAN.PA,2024-08-24 16:36:38,97.79,8480,SELL
SAN.PA,2024-08-24 16:36:31,97.5,4726,SELL
SAN.PA,2024-08-24 16:35:45,104.53,6183,SELL
SAN.PA,2024-08-24 16:35:15,100.82,9531,SELL
SAN.PA,2024-08-24 16:35:06,96.72,1435,BUY
SAN.PA,2024-08-24 16:34:12,99.21,8294,SELL
SAN.PA,2024-08-24 16:33:21,95.98,2805,SELL
SAN.PA,2024-08-24 16:32:34,104.4,7640,SELL
SAN.PA,2024-08-24 16:32:07,100.37,7639,BUY
SAN.PA,2024-08-24 16:32:01,103.32,545,BUY
SAN.PA,2024-08-24 16:31:07,104.98,4866,SELL
SAN.PA,2024-08-24 16:30:11,97.65,6480,BUY
SAN.PA,2024-08-24 16:29:28,102.99,7889,BUY
SAN.PA,2024-08-24 16:28:45,100.43,3079,SELL
SAN.PA,2024-08-24 16:27:50,100.7,6032,SELL
SAN.PA,2024-08-24 16:27:36,98.57,266,BUY
SAN.PA,2024-08-24 16:26:38,95.32,951,SELL
SAN.PA,2024-08-24 16:25:44,99.12,7682,BUY
SAN.PA,2024-08-24 16:25:40,101.23,2762,SELL
SAN.PA,2024-08-24 16:25:28,100.76,1569,BUY
SAN.PA,2024-08-24 16:24:42,96.28,6369,SELL
SAN.PA,2024-08-24 16:24:28,98.05,5561,SELL
SAN.PA,2024-08-24 16:23:43,95.5,2883,BUY
SAN.PA,2024-08-24 16:23:21,100.79,7903,BUY
SAN.PA,2024-08-24 16:22:32,97.51,2793,SELL
SAN.PA,2024-08-24 16:22:06,99.53,345,BUY
SAN.PA,2024-08-24 16:21:25,105.31,5337,SELL
SAN.PA,2024-08-24 16:20:53,101.83,9707,SELL
SAN.PA,2024-08-24 16:20:11,97.35,5914,SELL
SAN.PA,2024-08-24 16:20:03,95.6,6113,SELL
SAN.PA,2024-08-24 16:19:55,104.61,758,SELL
SAN.PA,2024-08-24 16:18:56,98.87,3230,SELL
SAN.PA,2024-08-24 16:18:22,99.51,3164,SELL
SAN.PA,2024-08-24 16:18:05,105.36,6745,BUY
SAN.PA,2024-08-24 16:17:29,95.47,9172,SELL
SAN.PA,2024-08-24 16:17:05,100.37,6714,SELL
SAN.PA,2024-08-24 16:16:22,104.74,9332,BUY
SAN.PA,2024-08-24 16:15:36,100.67,6943,BUY
SAN.PA,2024-08-24 16:15:16,99.15,5588,SELL
SAN.PA,2024-08-24 16:14:47,105.11,4632,BUY
SAN.PA,2024-08-24 16:14:27,98.62,6372,SELL
SAN.PA,2024-08-24 16:14:25,102.57,8493,BUY
SAN.PA,2024-08-24 16:14:05,101.44,2218,SELL
SAN.PA,2024-08-24 16:13:15,103.22,392,BUY
SAN.PA,2024-08-24 16:12:39,97.87,4870,BUY
SAN.PA,2024-08-24 16:11:54,95.34,51,BUY
SAN.PA,2024-08-24 16:11:27,101.6,5272,BUY
SAN.PA,2024-08-24 16:10:30,101.51,9066,BUY
SAN.PA,2024-08-24 16:10:03,97.03,9068,SELL
SAN.PA,2024-08-24 16:09:50,101.04,1174,BUY
SAN.PA,2024-08-24 16:09:29,102.18,511,BUY
SAN.PA,2024-08-24 16:09:04,101.4,9665,SELL
SAN.PA,2024-08-24 16:08:27,96.59,8464,SELL
SAN.PA,2024-08-24 16:08:10,102.44,5121,SELL
SAN.PA,2024-08-24 16:07:51,99.13,1900,BUY
SAN.PA,2024-08-24 16:07:41,95.5,1712,SELL
SAN.PA,2024-08-24 16:06:54,101.71,2868,SELL
SAN.PA,2024-08-24 16:06:06,102.98,2150,SELL
SAN.PA,2024-08-24 16:05:53,97.17,6226,BUY
SAN.PA,2024-08-24 16:05:20,96.47,8479,SELL
SAN.PA,2024-08-24 16:04:27,97.96,6292,BUY
SAN.PA,2024-08-24 16:04:01,96.43,3813,BUY
SAN.PA,2024-08-24 16:03:26,97.91,2849,BUY
SAN.PA,2024-08-24 16:02:36,100.29,654,BUY
SAN.PA,2024-08-24 16:01:38,97.46,3287,SELL
SAN.PA,2024-08-24 16:01:06,95.39,8408,BUY
SAN.PA,2024-08-24 16:00:44,102.81,9961,SELL
SAN.PA,2024-08-24 16:00:37,102.63,5758,SELL
SAN.PA,2024-08-24 16:00:09,97.22,2783,SELL
SAN.PA,2024-08-24 16:00:08,99.76,3305,SELL
SAN.PA,2024-08-24 15:59:49,100.54,1219,BUY
SAN.PA,2024-08-24 15:59:22,104.6,6549,SELL
SAN.PA,2024-08-24 15:58:54,99.19,107,SELL
SAP,2024-08-24 16:48:17,222.56,2764,SELL
SAP,2024-08-24 16:48:16,227.88,3043,BUY
SAP,2024-08-24 16:47:51,218.29,8435,BUY
SAP,2024-08-24 16:47:03,227.73,3895,SELL
SAP,2024-08-24 16:46:46,209.59,7614,SELL
SAP,2024-08-24 16:46:16,222.05,9918,BUY
SAP,2024-08-24 16:45:36,211.67,4181,SELL
SAP,2024-08-24 16:44:47,229.65,9278,SELL
SAP,2024-08-24 16:44:44,212.74,7088,SELL
SAP,2024-08-24 16:44:32,219.88,6068,BUY
SAP,2024-08-24 16:44:12,210.01,9272,SELL
SAP,2024-08-24 16:43:25,216.21,9414,SELL
SAP,2024-08-24 16:43:19,217.86,782,SELL
SAP,2024-08-24 16:43:18,226.62,2093,SELL
SAP,2024-08-24 16:42:36,214.19,8754,SELL
SAP,2024-08-24 16:41:42,213.83,1342,SELL
SAP,2024-08-24 16:41:40,216.82,40,SELL
SAP,2024-08-24 16:40:54,215.81,4076,SELL
SAP,2024-08-24 16:40:22,216.62,5080,SELL
SAP,2024-08-24 16:39:40,213.98,4663,BUY
SAP,2024-08-24 16:39:31,229.93,3715,SELL
SAP,2024-08-24 16:39:02,227.76,1430,BUY
SAP,2024-08-24 16:38:32,209.57,8869,SELL
SAP,2024-08-24 16:38:18,223.15,7640,BUY
SAP,2024-08-24 16:38:02,228.94,4904,BUY
SAP,2024-08-24 16:37:06,208.9,9051,BUY
SAP,2024-08-24 16:36:56,226.99,6462,BUY
SAP,2024-08-24 16:36:44,225.07,734,SELL
SAP,2024-08-24 16:36:03,225.3,8449,BUY
SAP,2024-08-24 16:35:17,218.99,4029,BUY
SAP,2024-08-24 16:34:22,225.41,5970,SELL
SAP,2024-08-24 16:34:20,226.78,4263,BUY
SAP,2024-08-24 16:33:39,208.7,8821,BUY
SAP,2024-08-24 16:33:05,221.96,1697,BUY
SAP,2024-08-24 16:32:09,210.2,5954,BUY
SAP,2024-08-24 16:31:39,213.39,7438,SELL
SAP,2024-08-24 16:31:09,227.37,8809,BUY
SAP,2024-08-24 16:30:24,229.11,876,BUY
SAP,2024-08-24 16:30:05,218.19,7622,SELL
SAP,2024-08-24 16:29:52,209.57,3871,BUY
SAP,2024-08-24 16:29:15,219.33,5335,BUY
SAP,2024-08-24 16:28:40,222.41,9446,BUY
SAP,2024-08-24 16:27:48,227.81,337,BUY
SAP,2024-08-24 16:27:43,226.99,3332,BUY
SAP,2024-08-24 16:26:44,225.83,172,SELL
SAP,2024-08-24 16:26:17,228.93,1297,SELL
SAP,2024-08-24 16:25:46,213.1,29,SELL
SAP,2024-08-24 16:25:28,222.24,3202,SELL
SAP,2024-08-24 16:24:28,227.75,2163,SELL
SAP,2024-08-24 16:23:40,209.01,6324,SELL
SAP,2024-08-24 16:23:18,222.94,146,SELL
SAP,2024-08-24 16:23:09,221.08,9157,SELL
SAP,2024-08-24 16:22:34,223.57,818,SELL
SAP,2024-08-24 16:21:59,214.4,3334,SELL
SAP,2024-08-24 16:21:09,208.83,9521,SELL
SAP,2024-08-24 16:20:57,218.16,6541,BUY
SAP,2024-08-24 16:20:14,226.27,1247,SELL
SAP,2024-08-24 16:20:10,213.13,4229,SELL
SAP,2024-08-24 16:19:33,220.71,2919,BUY
SAP,2024-08-24 16:19:11,217.41,3285,BUY
SAP,2024-08-24 16:19:01,223.24,9730,SELL
SAP,2024-08-24 16:18:13,217.28,5205,BUY
SAP,2024-08-24 16:17:26,220.53,5547,SELL
SAP,2024-08-24 16:17:14,224.79,1567,SELL
SAP,2024-08-24 16:16:14,211.12,1627,SELL
SAP,2024-08-24 16:16:13,215.5,1560,BUY
SAP,2024-08-24 16:15:38,212.43,6947,SELL
SAP,2024-08-24 16:15:05,210.49,2745,BUY
SAP,2024-08-24 16:15:03,226.26,4402,BUY
SAP,2024-08-24 16:14:28,217.55,2478,SELL
SAP,2024-08-24 16:14:06,209.16,7850,BUY
SAP,2024-08-24 16:13:29,208.96,1234,BUY
SAP,2024-08-24 16:12:59,220.75,8955,BUY
SAP,2024-08-24 16:12:41,214.39,1,BUY
SAP,2024-08-24 16:12:02,229.78,3661,BUY
SAP,2024-08-24 16:11:40,218.2,6846,BUY
SAP,2024-08-24 16:11:17,220.84,91,BUY
SAP,2024-08-24 16:10:53,209.57,2987,SELL
SAP,2024-08-24 16:09:58,216.24,1618,SELL
SAP,2024-08-24 16:09:19,219.17,790,BUY
SAP,2024-08-24 16:08:55,216.25,1435,SELL
SAP,2024-08-24 16:08:30,211.85,5485,SELL
SAP,2024-08-24 16:08:09,224.6,6013,SELL
SAP,2024-08-24 16:07:31,227.15,2398,BUY
SAP,2024-08-24 16:07:16,221.3,8733,BUY
SAP,2024-08-24 16:07:12,216.87,3561,SELL
SAP,2024-08-24 16:06:32,227.95,7450,BUY
SAP,2024-08-24 16:05:59,221.61,692,SELL
SAP,2024-08-24 16:05:25,219.12,9349,SELL
SAP,2024-08-24 16:04:29,222.44,9372,BUY
SAP,2024-08-24 16:03:41,212.43,1420,BUY
SAP,2024-08-24 16:03:31,229.11,5233,BUY
SAP,2024-08-24 16:02:43,214.55,7094,SELL
SAP,2024-08-24 16:01:59,213.55,4648,SELL
SAP,2024-08-24 16:01:42,220.89,4434,SELL
SAP,2024-08-24 16:01:33,217.34,1423,SELL
SAP,2024-08-24 16:01:28,218.0,4415,SELL
SAP,2024-08-24 16:00:54,219.25,4279,BUY
SAP,2024-08-24 16:00:33,217.79,6478,SELL
SAP,2024-08-24 16:00:09,229.57,6618,SELL
VOW3.DE,2024-08-24 16:48:17,100.43,2658,SELL
VOW3.DE,2024-08-24 16:48:10,96.53,3133,SELL
VOW3.DE,2024-08-24 16:47:57,97.48,3662,BUY
VOW3.DE,2024-08-24 16:47:37,97.96,3155,SELL
VOW3.DE,2024-08-24 16:46:48,95.52,7624,SELL
VOW3.DE,2024-08-24 16:46:45,92.36,5997,SELL
VOW3.DE,2024-08-24 16:46:09,97.51,7908,BUY
VOW3.DE,2024-08-24 16:45:50,100.78,8826,BUY
VOW3.DE,2024-08-24 16:45:09,93.82,8036,SELL
VOW3.DE,2024-08-24 16:44:20,100.53,9863,BUY
VOW3.DE,2024-08-24 16:44:01,99.69,7285,BUY
VOW3.DE,2024-08-24 16:43:08,95.43,8463,BUY
VOW3.DE,2024-08-24 16:42:43,100.52,1986,SELL
VOW3.DE,2024-08-24 16:42:28,96.25,5783,SELL
VOW3.DE,2024-08-24 16:41:39,93.86,678,BUY
VOW3.DE,2024-08-24 16:41:36,96.99,5481,BUY
VOW3.DE,2024-08-24 16:41:05,92.21,3065,BUY
VOW3.DE,2024-08-24 16:40:47,93.14,1079,BUY
VOW3.DE,2024-08-24 16:40:16,101.0,1654,BUY
VOW3.DE,2024-08-24 16:39:31,96.13,2799,BUY
VOW3.DE,2024-08-24 16:38:39,95.77,7610,SELL
VOW3.DE,2024-08-24 16:38:02,93.45,9829,BUY
VOW3.DE,2024-08-24 16:37:57,94.34,2659,BUY
VOW3.DE,2024-08-24 16:37:39,92.3,8112,SELL
VOW3.DE,2024-08-24 16:36:54,96.95,2854,BUY
VOW3.DE,2024-08-24 16:36:19,97.13,8912,SELL
VOW3.DE,2024-08-24 16:36:17,92.92,8166,BUY
VOW3.DE,2024-08-24 16:36:13,94.37,3694,SELL
VOW3.DE,2024-08-24 16:36:11,93.57,4856,BUY
VOW3.DE,2024-08-24 16:35:30,97.05,6950,BUY
VOW3.DE,2024-08-24 16:34:51,100.88,9391,SELL
VOW3.DE,2024-08-24 16:34:28,96.87,671,BUY
VOW3.DE,2024-08-24 16:34:23,97.74,2605,BUY
VOW3.DE,2024-08-24 16:33:54,96.51,5217,SELL
VOW3.DE,2024-08-24 16:33:35,93.75,284,SELL
